3350 5234
1508 354 1592 418 33

268 520 703 585 Strutharaldi
737 519 1016 583 tentoria
1045 517 1372 600 petebant,
1398 540 1663 600 eumqve
1704 518 1788 583 ad
1830 519 1959 583 ista
1991 519 2348 600 repetenda
2368 519 2828 601 provocabant.

268 627 541 709 Jamqve
584 627 757 691 illico
805 626 999 689 armis
1035 625 1406 689 dimicatum
1435 624 1679 703 fuisset,
1724 625 1864 703 nisi,
1908 645 2060 705 rege
2083 627 2559 705 interveniente,
2583 629 2829 708 utriqve

268 754 499 797 manus
562 733 1096 802 continuissent¹.⁴
1175 730 1318 793 Bo2
1360 731 1528 811 regis
1575 730 1826 813 qvidem
1871 729 2133 796 arbitrio
2182 752 2251 795 se
2296 733 2511 795 omnia
2535 734 2830 796 commis-

270 857 505 917 surum,
576 859 801 902 aurum
852 843 1071 901 tamen
1132 842 1468 917 vestesqve
1536 837 1807 901 Haraldi
1872 857 1941 900 se
2007 838 2373 918 neutiqvam
2436 839 2832 903 redditurum

271 942 662 1008 affirmabat.
774 944 952 1007 Tunc
996 963 1140 1007 rex:
1218 942 1310 1021 Id,
1377 943 1482 1021 ait,
1550 963 1949 1024 neqvaqvam
1991 943 2436 1024 permittimus,
2502 950 2574 1007 ut
2615 951 2829 1009 vestes

268 1048 382 1112 tibi
427 1069 679 1129 serves;
727 1051 965 1113 scrinia
1008 1069 1164 1113 auro
1211 1053 1446 1111 onusta
1488 1053 1601 1112 tua
1645 1050 1789 1126 sint,
1826 1054 1894 1112 at
1924 1047 2213 1113 Haraldo
2236 1054 2450 1112 vestes
2485 1051 2829 1114 restituan-

267 1160 391 1218 tur.
479 1155 785 1219 For-mula
824 1156 1014 1237 igitur
1053 1154 1373 1236 pactionis
1416 1152 1557 1216 haec
1604 1159 1772 1217 erat:

576 1260 901 1325 Haraldus
964 1266 1180 1325 vestes
1241 1260 1531 1341 recipiat,
1606 1259 1702 1322 Bo
1772 1280 1996 1323 aurum
2059 1259 2396 1342 possideat
2429 1265 2829 1341 ‚tantumqve

269 1365 561 1430 Haraldo
632 1367 943 1448 pecuniae,
1010 1370 1310 1446 qvantum
1376 1364 1592 1428 damni
1647 1386 1683 1429 e
1740 1364 2004 1447 direptis
2049 1365 2309 1447 praediis
2356 1367 2415 1429 ei
2459 1367 2686 1443 intulit,
2730 1388 2831 1430 re-

271 1479 670 1555 compenset.
779 1470 1258 1536 Strutharaldus
1325 1470 1631 1553 Sigvardo
1688 1471 1908 1536 Veseti
1969 1470 2100 1535 filio
2166 1477 2424 1553 gnatam
2472 1492 2655 1535 suam
2700 1473 2830 1535 elo-

271 1578 464 1656 cabit,
523 1599 659 1659 qvae
717 1599 940 1642 aurum
985 1599 1025 1641 a
1065 1577 1288 1641 Boone
1344 1583 1600 1659 raptum
1648 1580 1881 1642 marito
1925 1579 1991 1642 in
2046 1577 2264 1641 dotem
2308 1577 2610 1643 adferet-¹.
2701 1578 2827 1642 Ve-

271 1690 449 1748 setus
494 1685 756 1748 tertiam
795 1685 1111 1749 bonorum
1153 1689 1406 1767 partem
1451 1683 1757 1764 Sigvardo
1796 1685 2127 1748 concedet.
2194 1685 2269 1748 In
2299 1685 2468 1749 hanc
2492 1684 2831 1748 formulam

273 1810 498 1853 omnes
547 1797 1031 1870 consenserunt,
1088 1811 1353 1871 eamqve
1391 1790 1630 1872 junctis
1677 1791 1917 1854 dextris
1965 1790 2362 1855 confirmant.
2449 1791 2567 1853 His
2612 1792 2829 1869 gestia

272 1895 536 1975 domum
581 1895 666 1959 ad
708 1897 1063 1971 Haraldum
1105 1898 1248 1975 itur,
1305 1895 1714 1978 Sigvardiqve
1762 1902 1828 1959 et
1870 1896 2060 1960 Tovae
2105 1897 2472 1979 nuptiarum
2517 1896 2827 1973 solennia,

267 2007 592 2082 praesente
656 2022 828 2085 rege,
892 2002 1132 2067 Veseto
1188 2002 1449 2084 aliisqve
1493 2002 1796 2083 plurimiS,
1857 2001 2280 2065 celebrantur.
2395 2001 2632 2078 Qvibus
2676 2022 2824 2083 per-

273 2108 457 2186 actiS,
503 2086 972 2172 Vesetus'cum
1017 2109 1147 2171 suis
1195 2108 1452 2171 domum
1497 2128 1567 2170 se
1612 2109 1877 2190 recepit.

1387 2371 1578 2426 cAP.
1633 2367 1755 2424 VI.

271 2512 398 2594 Bo,
447 2513 799 2594 Siyvardus
853 2512 1224 2596 Vaynusqve
1264 2517 1333 2579 in
1375 2516 1434 2580 J
1428 2513 1971 2596 omsburyensium
2013 2535 2337 2577 numerum
2371 2513 2825 2578 adsciscuntur.

1485 2632 1623 2639 1-—

584 2679 679 2743 Bo
724 2679 956 2743 deinde
1003 2687 1068 2745 et
1111 2680 1452 2764 Sigvardus
1499 2677 1746 2745 duabus
1791 2679 2057 2744 navibus
2100 2679 2533 2763 confectisqve
2575 2688 2832 2747 centum

283 2784 590 2849 militibus
635 2784 1086 2868 Jomsburgum
1133 2786 1410 2869 profecti
1456 2808 1495 2850 a
1537 2785 1998 2852 Palmatokone
2034 2792 2303 2869 propter
2335 2807 2649 2851 summam
2694 2789 2831 2853 bel-

276 2891 417 2955 licae
475 2892 725 2954 virtutis
767 2890 1006 2955 famam
1054 2894 1281 2956 civium
1323 2914 1588 2957 numero
1635 2890 2185 2972 adscribebantur,
2234 2913 2498 2976 qvorum
2545 2897 2832 2959 exercitu

274 2996 552 3060 lustrato
568 2998 618 3076 4,
666 2999 1072 3079 septuaginta
1118 3000 1373 3062 civitate
1411 2998 1834 3077 donabantur,
1861 2999 2081 3081 reliqvi
2100 3005 2326 3082 utpote
2363 3001 2612 3080 magnis
2636 3001 2829 3064 rebus

278 3103 577 3185 gerendis
617 3104 818 3184 inepti
853 3103 1110 3167 domum
1132 3104 1635 3169 remittebantur.
1683 3104 1944 3186 Vagnus
1973 3113 2185 3169 autem
2218 3107 2501 3170 Achonis
2528 3107 2832 3171 duodeci-

278 3231 456 3274 mum
493 3231 730 3274 annum
765 3230 963 3290 agens
1000 3210 1164 3274 adeo
1200 3210 1491 3275 omnibus
1526 3216 1664 3275 erat
1695 3210 2134 3290 formidabilis
2170 3219 2240 3275 ut
2277 3213 2412 3293 ejus
2439 3215 2832 3278 consortium

279 3315 544 3397 qvilibet
581 3314 717 3379 fere
760 3317 1008 3395 vitaret,
1065 3337 1186 3381 nec
1231 3317 1297 3382 id
1339 3319 1597 3380 mirum:
1643 3338 1795 3381 nam
1841 3323 2180 3398 anteqvam
2226 3318 2675 3381 duodecimum
2720 3340 2832 3382 an-

279 3443 432 3485 num
480 3422 815 3503 attigisset,
842 3436 845 3439 ’
869 3427 1002 3485 tres
1045 3422 1336 3487 homines
1380 3423 1812 3487 interfecerat.
1899 3422 2058 3485 Haec
2105 3421 2473 3502 effecerunt,
2519 3429 2590 3486 ut
2624 3445 2828 3506 neqve

278 3533 469 3609 pater
502 3548 706 3610 neqve
744 3548 898 3592 avus
932 3534 1259 3594 maternus
1286 3532 1432 3593 eum
1456 3529 1628 3593 domi
1652 3549 1784 3592 suae
1806 3527 1973 3592 ferre
2007 3533 2290 3610 possent.
2341 3529 2672 3610 Qvocirca,
2697 3535 2832 3594 tra-

280 3633 430 3699 ditis
472 3634 532 3699 ei
570 3632 818 3699 duabus
850 3633 1118 3698 navibus
1140 3635 1328 3719 longe
1351 3637 1640 3700 maximis
1670 3633 2331 3717 adolescentibusqve,
2356 3656 2621 3717 qvorum
2643 3656 2831 3700 nemo

277 3741 654 3806 vicesimum
709 3761 946 3805 annum
1002 3741 1376 3823 excedebat,
1431 3763 1619 3807 nemo
1678 3742 1929 3807 decimo
1975 3741 2190 3823 qvinto
2237 3740 2409 3824 (solo
2453 3740 2678 3825 Vagno
2725 3762 2832 3807 ex-

281 3844 506 3930 cepto)
549 3846 814 3913 inferior
857 3853 1013 3930 erat,
1080 3870 1228 3913 eum
1267 3849 1722 3933 Jomsburgum
1773 3840 2048 3915 mittunt.
2159 3847 2275 3927 Qvi
2319 3868 2465 3913 cum
2505 3848 2573 3913 in
2618 3846 2834 3913 album

280 3954 510 4019 civium
571 3952 1166 4037 Jomsburgensium
1228 3956 1493 4022 inscribi
1555 3961 1827 4040 peteret,
1898 3955 1980 4022 ob
2050 3960 2327 4036 aetatem,
2392 3975 2528 4037 qvae
2584 3952 2840 4037 legibus·

278 4061 566 4127 nondum
630 4059 1041 4143 congruebat,
1100 4063 1540 4146 ingeniumqve
1611 4063 1950 4128 distortum
1994 4060 2193 4146 (qvod
2237 4062 2297 4126 ei
2343 4060 2439 4126 Bo
2487 4060 2833 4128 avunculus

279 4187 433 4233 suus
480 4166 780 4250 objecit)⁶
820 4168 1025 4251 primo
1068 4168 1396 4253 repulsam
1436 4191 1670 4253 passus
1708 4175 1827 4235 est.
1895 4167 2253 4252 Respondit
2274 4167 2555 4251 VagnuS,
2579 4167 2828 4252 legibus

353 4314 371 4346 ¹
407 4311 600 4381 Begge
634 4306 833 4364 Afskr.:
872 4309 1282 4363 conticuissent.

347 4406 373 4438 ²
412 4406 547 4458 1778
601 4419 675 4472 og
730 4400 867 4454 Gml.
913 4400 1037 4470 Kgl.
1089 4399 1252 4454 Saml.
1299 4400 1403 4454 No.
1454 4401 1607 4455 2434.
1655 4401 1703 4454 4.
1754 4399 1856 4453 har
1892 4400 2030 4454 altid
2063 4399 2625 4456 Nominativformen:
2682 4401 2829 4455 “Bo“

398 4510 468 4541 Ξ
503 4494 678 4563 Saxo;
728 4509 857 4547 men
903 4495 969 4546 59
1018 4491 1180 4545 altid:
1243 4486 1449 4560 “Boo“,
1484 4492 1771 4561 undtagen
1806 4491 1920 4544 ndf.
1960 4510 2086 4562 pag.
2124 4496 2207 4561 45,
2245 4492 2390 4546 Note
2426 4496 2474 4546 7.
2546 4494 2831 4563 Arngrims

399 4587 637 4657 Specim.
680 4586 766 4639 Isl.
804 4586 906 4638 har
939 4602 992 4654 p.
1031 4588 1124 4638 50:
1173 4583 1373 4636 “Buo“.

349 4683 372 4716 ⁸
409 4681 569 4735 1778:
608 4677 865 4733 adferret.
1004 4679 1029 4711 ⁴
1068 4678 1227 4731 1778:
1264 4675 1556 4730 illustrate.
1704 4679 1726 4710 ⁵
1764 4678 1925 4731 1778:
1963 4673 2249 4729 commata
2276 4673 2363 4729 for
2379 4674 2830 4742 Parenthestegn.

2492 4788 2527 4839 4
