3350 5234
1525 384 1606 448 41

290 551 489 610 turos.
603 546 780 626 Tum,
844 547 1092 612 bellicis
1157 548 1349 628 signis
1407 548 1658 628 erectiS‚
1724 547 1998 630 undiqve
2040 545 2274 610 milites
2318 544 2457 626 ipse
2500 543 2827 624 Haqvinus

292 649 609 729 conflavit,
670 650 892 733 qvibus
950 653 1094 716 vitae
1152 657 1218 716 et
1273 653 1367 716 rei
1409 652 1739 717 familiaris
1785 650 2204 716 defendendae
2244 671 2400 714 cura
2442 649 2651 730 aliqva
2691 646 2826 710 fuit.

287 755 328 818 J
332 776 556 837 amqve
601 756 668 818 in
711 755 1147 821 Sunnmairia¹
1199 756 1285 821 ad
1324 757 1598 823 insulam
1626 755 1774 821 Hod
1791 756 2119 838 Haqvinus
2166 777 2311 819 cum
2350 754 2494 818 filiis
2539 752 2828 817 Svenone

289 865 355 923 et
418 860 610 923 Erico
681 860 941 943 aliisqve
1005 861 1339 943 Norvagiae
1402 863 1778 944 proceribus
1842 861 2107 926 navibus
2169 861 2476 924 trecentis
2553 858 2825 939 stipatus

287 969 692 1028 convenerat.
777 964 935 1031 Haec
981 966 1208 1030 classis
1252 968 1318 1031 in
1362 967 1503 1032 sinu
1548 967 2001 1050 Hiorungavog
2042 966 2084 1030 J
2086 964 2669 1049 omsburgensium2
2712 961 2825 1026 ad-

285 1074 543 1134 ventum
587 1070 928 1151 opperiens
969 1071 1035 1134 in
1080 1070 1381 1136 anchoris
1425 1072 1662 1137 stabat.

589 1173 628 1237 J
632 1172 1158 1256 omsburgenses³
1199 1196 1368 1254 ver0,
1412 1175 1642 1242 Vichia
1683 1176 1928 1256 relicta,
1983 1176 2050 1238 in
2072 1172 2638 1256 septentrionalem
2665 1172 2724 1235 N
2727 1192 2828 1236 or-

282 1280 481 1361 vagiae
524 1279 785 1361 plagam
825 1281 1063 1345 misera
1105 1281 1172 1345 in
1215 1300 1438 1345 omnes
1468 1283 1790 1346 cruciatus
1825 1280 2120 1361 exempla
2142 1279 2407 1344 edentes
2430 1279 2824 1359 navigarunt,

286 1386 612 1466 sinumqve
668 1384 834 1466 Lupi
889 1385 985 1467 (ut
1035 1386 1301 1462 vocant)
1355 1391 1420 1450 et
1475 1385 1634 1451 Stad
1677 1386 1841 1468 (sive
1883 1403 2088 1467 pagus
2135 1385 2218 1448 sit
2261 1384 2392 1448 sive
2433 1381 2828 1465 provincia)⁴=

280 1489 684 1572 praetervecti
728 1486 813 1553 ad
853 1489 1096 1553 insulas
1139 1490 1448 1555 Militares
1465 1492 1493 1530 ⁵
1537 1490 2022 1572 coffiiominatas
2068 1489 2468 1571 appulerunt.
2546 1485 2823 1569 Cumqve

287 1599 685 1659 commeatus
731 1594 1099 1675 acqvirendi
1143 1615 1293 1676 ergo
1339 1596 1405 1661 in
1446 1596 1724 1661 insulam
1769 1595 2118 1659 continenti
2158 1593 2525 1659 viciniorem
2566 1592 2826 1673 Vagnus

279 1699 625 1781 trajiceret,
687 1696 854 1765 forte
908 1697 1168 1765 fortuna
1223 1705 1545 1781 provectae
1601 1700 1811 1767 aetatis
1868 1699 2176 1763 rusticum
2217 1696 2527 1763 Ulvonem
2568 1697 2824 1761 nomine

287 1823 521 1886 capras
574 1802 915 1867 duodecim
965 1822 1324 1886 vaccasqve
1367 1809 1499 1870 tres
1545 1809 1845 1886 agentem
1888 1801 2173 1869 offendit.
2286 1802 2483 1879 Qvem
2500 1803 2527 1840 ⁶
2588 1801 2699 1866 ubi
2742 1800 2827 1865 ad

285 1928 481 1973 naves
548 1928 693 1973 cum
758 1909 1061 1973 armentis
1109 1910 1253 1990 cogi
1294 1908 1555 1991 Vagnus
1598 1908 1993 1987 mandasset,
2036 1908 2372 1990 respondit
2412 1905 2601 1971 Ulvo:
2689 1904 2825 1970 Sic-

290 2013 433 2077 cine
475 2011 515 2077 J
517 2011 1046 2092 omsvichenses⁷,
1093 2034 1171 2077 ex
1199 2034 1461 2095 qvorum
1482 2030 1750 2081 numero
1793 2032 1907 2076 vos
1942 2032 2090 2079 esse
2127 2032 2293 2091 reor,
2334 2011 2625 2079 militiam
2646 2031 2825 2074 exer-

286 2117 478 2181 cent?
563 2116 837 2196 Vaccas,
896 2137 1131 2199 capras
1194 2123 1260 2183 et
1316 2116 1543 2182 haedos
1583 2118 1835 2183 miseris
1881 2117 2127 2181 colonis
2172 2116 2572 2198 surripiendo
2613 2135 2824 2180 nonne

282 2219 627 2285 honestum
695 2220 817 2285 sibi
869 2227 1107 2304 parant
1159 2223 1434 2289 nomen?
1518 2222 1657 2303 Ego
1703 2226 1879 2285 certe
1922 2220 2186 2302 majoris
2230 2220 2446 2302 gloriae
2491 2221 2827 2285 materiam

283 2343 453 2388 nunc
499 2325 567 2387 in
608 2324 903 2389 manibus
948 2345 1092 2390 esse
1135 2328 1370 2408 putavi,
1417 2327 1596 2409 cujus
1634 2345 1836 2389 causa
1855 2330 1989 2391 tam
2012 2324 2336 2389 difficilem
2356 2323 2826 2406 expeditionem

281 2448 396 2492 vos
463 2429 833 2510 suscepisse
879 2435 1157 2496 autumo,
1250 2431 1474 2513 Vagno
1532 2434 1767 2509 autem,
1814 2450 2001 2512 qvam
2042 2429 2382 2497 materiam
2422 2428 2824 2511 praedicaret,

281 2534 738 2614 interrogante,
782 2534 1117 2616 respondit
1157 2534 1336 2615 Ulvo,
1379 2535 1741 2618 Haqvinum
1782 2536 1849 2599 in
1892 2536 2034 2599 sinu
2076 2534 2185 2598 isti
2224 2534 2448 2599 insulae
2471 2537 2824 2615 propinqvo
2869 2592 2876 2599 .

284 2635 533 2701 duabus
601 2642 712 2703 aut
765 2637 852 2703 ad
908 2659 1222 2704 summum
1261 2637 1465 2705 tribus
1510 2641 1818 2722 stipatum
1858 2637 2123 2705 navibus
2171 2639 2446 2703 classem
2490 2659 2673 2702 suam
2717 2658 2824 2701 ex-

284 2747 601 2824 spectare,
670 2764 934 2826 eumqve
1000 2765 1168 2809 nunc
1211 2744 1335 2807 levi
1375 2746 1632 2826 negotio
1678 2766 1715 2810 e
1761 2744 1972 2809 medio
2016 2744 2155 2809 tolli
2195 2763 2391 2826 posse
2437 2743 2827 2808 asserebat.⁸

281 2845 443 2910 Tum
461 2847 749 2930 Vagnus:
794 2849 897 2913 Ad
927 2870 1143 2929 naves,
1190 2851 1297 2930 ait,
1340 2869 1460 2914 nos
1490 2849 1919 2929 comitaberis,
1963 2849 2267 2930 viamqve,
2315 2869 2437 2930 qva
2480 2850 2548 2911 in
2583 2849 2823 2912 sinum⁹

278 2952 422 3030 itur,
466 2953 874 3018 monstrabis
962 2954 1142 3033 Qvod
1166 2955 1222 2994 ¹⁰
1288 2974 1434 3019 cum
1472 2955 1599 3035 ille,
1640 2954 1797 3019 licet
1839 2954 2086 3032 invitus,
2131 2951 2389 3031 subiret,
2458 2951 2820 3035 Sigvaldum

281 3058 675 3140 reliqvosqve
717 3059 1295 3124 Jomsvichenses¹¹
1345 3059 1425 3123 de
1467 3058 1567 3123 his
1614 3061 1922 3124 certiores
1965 3058 2176 3122 reddit
2207 3057 2487 3139 Vagnus.
2577 3058 2820 3135 Qvibus

285 3162 536 3242 auditis,
605 3163 924 3228 anchoras
986 3166 1277 3248 protinus
1344 3163 1612 3243 solvunt,
1677 3166 1920 3246 iterqve
1989 3164 2195 3227 sinum
2248 3182 2488 3243 versuS,
2555 3162 2821 3227 ductore

282 3266 543 3346 Ulvone,
600 3269 974 3350 suscipiunt.
1075 3269 1352 3350 Cumqve
1408 3267 1495 3332 ad
1544 3268 1768 3333 fauces
1814 3269 1989 3331 sinus
2032 3268 2167 3332 fere
2210 3272 2586 3349 perventum
2629 3271 2821 3346 esset,

282 3370 442 3435 Ulvo
483 3373 550 3435 in
590 3391 768 3436 mare
813 3392 883 3434 se
927 3372 1275 3455 conjiciens
1318 3377 1502 3436 recta
1552 3374 1988 3437 continentem
2020 3370 2242 3435 hostes
2278 3372 2509 3436 adesse
2528 3370 2821 3452 Haqvino

285 3474 756 3557 significaturus
825 3475 1119 3560 petebat3
1201 3498 1347 3541 eum
1403 3482 1617 3541 autem
1671 3476 1930 3557 Vagnus
1995 3481 2256 3540 nantem
2319 3475 2511 3539 hasta
2565 3474 2825 3558 trajecit

284 3579 499 3661 sicqve
564 3579 701 3661 ejus
749 3585 1053 3646 conatum
1116 3582 1475 3665 intercepit.
1560 3581 1601 3644 J
1604 3580 2080 3645 omsvichenses
2138 3600 2308 3661 ver0,
2375 3583 2446 3643 ut
2497 3569 2564 3643 in
2618 3579 2824 3644 sinum

281 3689 540 3748 ventum
606 3690 764 3764 erat,
832 3705 978 3749 cum
1045 3705 1190 3750 eum
1244 3684 1511 3750 navibus
1554 3684 1827 3766 undiqve
1873 3690 2268 3751 constratum
2310 3684 2614 3764 viderent,
2682 3684 2823 3749 acie

280 3786 614 3868 instructa,
665 3788 843 3872 cujus
897 3789 1176 3855 medium
1221 3788 1551 3870 Sigvaldus
1596 3811 1743 3854 cum
1782 3789 1980 3855 fratre
2026 3789 2391 3854 Thorchillo
2409 3791 2477 3870 ¹²,
2535 3789 2630 3854 Bo
2678 3809 2824 3854 cum

287 3889 592 3975 Sigvardo
638 3892 817 3976 Capu
838 3895 893 3935 ¹³
949 3893 1259 3977 dextrum,
1313 3893 1571 3976 Vagnus
1617 3914 1779 3960 -vero
1838 3900 1904 3960 et
1945 3894 2181 3960 Biorno
2235 3892 2620 3960 Bretlandus
2674 3893 2823 3959 sini-

287 4001 487 4063 strum
530 3998 853 4079 tenebant,
901 3998 1436 4082 provehebantur.

360 4152 378 4185 ¹
418 4153 574 4207 1778:
628 4152 947 4221 summaria3
1003 4169 1173 4224 ogsaa
1216 4153 1237 4208 i
1281 4155 1347 4209 59
1392 4153 1494 4210 har
1541 4157 1720 4210 staaet
1754 4150 2077 4223 Summaria,
2131 4168 2260 4209 men
2298 4151 2418 4208 “m“
2457 4166 2518 4208 er
2550 4154 2721 4210 rettet
2754 4149 2821 4211 til

407 4240 546 4295 “nu“
585 4258 659 4312 og
690 4242 771 4296 “i“
808 4242 1072 4297 indskudt
1107 4242 1246 4299 efter
1283 4243 1434 4299 “ma“
1473 4242 1534 4299 af
1561 4260 1769 4300 samma
1803 4243 2018 4298 Haand.

353 4334 379 4366 ²
417 4334 573 4386 1778:
609 4331 1140 4404 Jonisburgensium.
1286 4337 1308 4369 ⁸
1346 4337 1503 4390 1778:
1548 4334 2023 4405 Jonisburgenses.

354 4425 379 4457 ⁴
418 4425 575 4477 1778:
612 4421 764 4488 Stad,
799 4440 842 4476 s.
880 4441 934 4492 p.
975 4441 1035 4491 s.,
1070 4441 1111 4480 s.
1147 4440 1223 4492 p.‚
1257 4423 1408 4476 uden
1443 4423 1891 4494 Parenthestegn.
2035 4427 2057 4460 ⁶
2096 4426 2252 4481 17⁷8:
2287 4423 2566 4479 militares.

356 4516 380 4547 ⁸
417 4515 573 4567 1778:
612 4512 859 4580 offendit,
898 4529 1073 4580 qvem.
1219 4518 1240 4547 ⁷
1281 4517 1437 4569 1777:
1473 4514 1937 4569 Jonisvichenses.
2080 4518 2103 4548 θ
2176 4517 2332 4570 1778:
2369 4514 2649 4570 afferebat.

358 4605 381 4636 ⁹
419 4604 576 4656 1778:
613 4603 748 4656 sinu.
891 4605 940 4638 ²⁰
978 4606 1134 4659 1778:
1170 4604 1517 4672 monstrabiS,
1554 4604 1718 4674 qvod.
1865 4607 1907 4639 ¹¹
1948 4607 2105 4661 1778:
2139 4603 2597 4660 Jonisvichenses.

361 4696 408 4728 ¹¹¹
444 4695 578 4749 1778
613 4692 840 4761 stadigt:
877 4691 1186 4747 Torchillus
1223 4696 1327 4750 etc.
1367 4693 1515 4749 uden
1552 4694 1670 4750 “h“.
1814 4697 1862 4731 ¹⁸
1896 4697 1990 4751 59:
2025 4694 2147 4749 Βοό
2185 4711 2313 4748 cum
2350 4694 2585 4765 Sigurdo
2614 4694 2819 4765 Caupu.

2464 4806 2498 4857 ὅ
