3350 5234
1768 347 1853 412 48

539 532 683 575 cum
745 510 1084 593 praeditum
1147 512 1245 576 sit.
1353 510 1429 575 Id
1495 512 1550 574 si
1615 530 1834 575 verum
1889 510 2097 590 fuerit,
2166 529 2286 592 ego
2347 508 2705 573 decollatus
2761 509 3087 574 cultellum

546 621 736 680 terrae
779 615 1141 698 impingam,
1201 617 1300 679 sin
1342 617 1567 693 minus,
1614 614 1907 679 cultellus
1952 636 1989 679 e
2030 634 2225 679 manu
2269 613 2543 678 decidet.
2628 614 2726 678 Eo
2771 616 3084 696 supplicio

543 718 797 797 affecte,
845 720 1064 798 culter,
1107 726 1297 802 prout
1338 741 1459 802 par
1501 725 1658 799 erat,
1705 724 1935 802 sponte
1980 718 2233 783 cecidit.

846 824 903 887 8.
947 824 1212 906 Jamqve
1259 824 1538 889 Octavus
1607 824 1692 889 ad
1750 823 2133 906 supplicium
2187 824 2581 903 trahebatur,
2647 825 2749 904 qvi
2791 829 3083 903 mortem,

534 938 604 994 ut
646 929 822 1007 socii,
887 949 957 992 se
999 949 1129 993 non
1179 927 1371 993 flocci
1420 929 1636 993 facere
1678 928 2036 1011 respondit:
2104 928 2373 993 Unicam
2414 933 2634 993 tamen
2670 929 3076 1010 petitionem,

536 1035 749 1116 inqvit,
814 1055 916 1099 me
983 1033 1154 1116 apud
1197 1038 1281 1113 te,
1347 1032 1728 1112 Thorchille‚
1797 1032 2087 1098 obtinere
2128 1032 2354 1113 facias,
2409 1039 2482 1098 ut
2525 1054 2566 1097 a
2609 1032 2819 1097 fronte
2861 1053 3080 1097 meum

535 1144 721 1220 petas
777 1138 1067 1221 jugulum
1132 1138 1584 1220 diligenterqve
1631 1137 2121 1219 animadvertaS,
2190 1159 2274 1202 an
2317 1158 2436 1220 ego
2480 1137 2613 1201 ulla
2651 1138 2719 1200 in
2759 1158 2832 1202 re
2876 1139 3079 1219 perti-

538 1263 826 1307 mescam
867 1243 968 1306 vel
1011 1244 1207 1307 etiam
1248 1243 1446 1307 ullum
1489 1242 1975 1324 superciliorum
2019 1248 2243 1307 nutum
2288 1242 2496 1306 edam.
2553 1282 2560 1289 ι
2615 1239 2693 1304 Id
2733 1262 2885 1305 vero
2935 1263 3080 1305 cum

541 1347 940 1412 Thorchillus
987 1349 1241 1428 egisset,
1286 1346 1529 1410 nullam
1569 1348 1636 1410 in
1679 1367 1757 1410 eo
1801 1347 2047 1410 timoris
2089 1352 2309 1411 notam
2354 1344 2813 1410 animadvertit.

839 1451 897 1514 9.
942 1451 1164 1516 Nonus
1206 1471 1357 1514 vero
1402 1451 1697 1533 eleganti,
1741 1451 1970 1514 mirum
2009 1452 2075 1515 in
2116 1450 2394 1530 modum,
2430 1451 2714 1528 caesarie,
2746 1448 2858 1513 ubi
2893 1470 3077 1514 suam

537 1558 603 1619 iu
646 1562 851 1619 morte
894 1555 1278 1637 perferenda
1323 1555 1753 1620 constantiam
1796 1557 2060 1638 copiose
2103 1556 2554 1638 praedicasset:
2599 1553 2676 1618 Id
2705 1576 2919 1634 unum,
2966 1557 3073 1634 ait,

538 1660 691 1723 mihi
734 1660 1003 1724 concedi
1043 1664 1215 1741 pet0,
1258 1664 1331 1723 ut
1370 1680 1501 1724 non
1525 1660 1607 1725 ab
1632 1660 2104 1744 apparitoribus
2149 1661 2268 1726 sed
2287 1660 2564 1743 Haqvini
2586 1660 2794 1740 aliqvo
2824 1660 3069 1723 eximiae

537 1765 786 1828 virtutis
849 1764 1046 1827 milite
1113 1762 1198 1827 ad
1255 1764 1635 1845 supplicium
1689 1766 1907 1845 ducar,
1961 1768 2226 1849 insuper
2263 1767 2338 1844 is,
2386 1766 2490 1829 cui
2527 1765 2596 1829 id
2636 1764 2916 1827 muneris
2963 1763 3072 1827 de-

536 1867 909 1932 mandatum
950 1867 1155 1948 fuerit,
1200 1868 1495 1933 manibus
1543 1872 1675 1934 suis
1720 1872 1930 1935 crines
1976 1891 2156 1935 meos
2199 1871 2494 1935 involvat.
2558 1870 2696 1952 Ego
2743 1872 2929 1948 enim,
2976 1870 3079 1953 qvi

541 1993 655 2037 eos
720 1978 856 2036 tam
927 1972 1262 2054 diligenter
1324 1994 1366 2038 a
1418 1974 1713 2040 sordibus
1765 1975 2080 2040 hactenus
2137 1979 2202 2040 et
2248 1974 2643 2065 immunditie
2688 1975 3079 2053 conservavi,

538 2077 687 2141 nolo
754 2097 866 2141 eos
930 2078 997 2140 in
1065 2082 1349 2142 extremo
1418 2079 1561 2143 vitae
1613 2085 1854 2162 puncto
1914 2084 2179 2144 cruento
2244 2080 2546 2161 sangvine
2601 2079 3077 2143 commaculari.

543 2181 736 2263 Cujus
781 2181 1074 2264 petitioni
1116 2181 1443 2264 Haqvinus
1489 2186 1803 2266 acqvievit
1865 2191 1930 2248 et
1971 2184 2037 2248 id
2080 2183 2361 2248 muneris
2407 2182 2661 2248 cuidam
2704 2183 2915 2248 aulico
2962 2182 3073 2247 de-

539 2285 878 2366 mandavit,
935 2286 1039 2367 qvi
1100 2291 1432 2369 utrumqve
1474 2288 1810 2354 brachium
1854 2289 2134 2355 crinibus
2174 2288 2536 2369 implicaret
2579 2289 2840 2371 ejusqve
2887 2291 3079 2370 caput

540 2391 902 2455 sustineret.
958 2390 1323 2456 Thorchillo
1363 2398 1579 2457 autem
1622 2394 1904 2476 gladium
1937 2395 2005 2457 in
2053 2413 2199 2457 eum
2234 2393 2616 2475 stringente,
2638 2393 2680 2457 J
2681 2392 3078 2458 omsvichen-

540 2496 629 2558 sis
673 2515 744 2558 se
788 2494 1105 2575 subduxit,
1146 2496 1468 2579 ictumqve
1513 2498 1634 2563 sibi
1673 2500 2061 2564 intentatum
2099 2499 2167 2562 in
2206 2497 2489 2577 militem,
2536 2499 2640 2563 cui
2675 2496 3075 2562 Thorchillus

538 2599 841 2665 brachia¹
892 2599 1287 2682 amputabat,
1334 2604 1661 2666 convertit.
1770 2603 1935 2667 Huic
1998 2603 2038 2668 J
2042 2602 2483 2682 omsvichensi,
2551 2603 2652 2685 qvi
2713 2601 2956 2666 Boonis
3009 2620 3078 2665 se

537 2704 737 2769 filium
802 2703 1166 2768 octodecim
1227 2725 1429 2769 annos
1473 2711 1696 2771 natum
1752 2707 2168 2790 praedicabat,
2214 2707 2486 2772 Svenoni
2527 2726 2766 2772 nomen
2809 2711 2979 2788 erat;
3022 2705 3080 2769 ei

538 2829 772 2892 pacem
816 2830 857 2873 a
896 2814 1100 2892 patre,
1147 2810 1263 2875 sed
1308 2832 1475 2894 aegre
1516 2818 1752 2893 tamen,
1796 2812 2022 2876 Ericus
2063 2813 2446 2894 impetravit.

848 2915 945 2978 10.
991 2915 1191 2979 Porro
1236 2915 1540 2981 Decimus
1601 2918 1813 2981 animo
1855 2916 2296 2981 lubentissimo
2338 2922 2610 2982 mortem
2654 2936 2726 2980 se
2771 2920 3079 2998 oppetere

542 3019 818 3097 dicebat,
891 3021 945 3083 si
1009 3021 1203 3101 prius,
1272 3041 1406 3102 qvae
1466 3024 1743 3086 vovisset
1784 3028 1951 3102 vota,
2019 3028 2243 3104 posset
2286 3023 2561 3103 solvere3
2625 3022 2816 3085 Erico
2865 3025 3079 3085 autem

542 3142 776 3186 nomen
818 3128 1154 3204 votumqve
1202 3126 1593 3206 sciscitante,
1634 3147 1871 3192 nomen
1915 3127 2036 3192 sibi
2077 3127 2301 3208 Vagno
2347 3146 2492 3190 esse
2534 3125 2888 3208 respondit,
2930 3128 3078 3187 voto

544 3232 760 3292 autem
826 3247 895 3291 se
953 3228 1329 3291 adstrictum
1373 3229 1591 3309 ajebat
1634 3231 1718 3296 ad
1764 3237 2053 3313 stuprum
2092 3229 2239 3293 filiae
2284 3229 2633 3294 Thorchilli
2672 3229 2878 3293 Leirae
2921 3228 3078 3291 infe·

542 3332 834 3399 rendum.
926 3330 1042 3396 Cui
1084 3331 1512 3397 Thorchillus:
1575 3335 1733 3416 Ego,
1786 3337 2003 3415 inqvit,
2057 3340 2130 3399 ut
2169 3334 2379 3398 isthuc
2424 3340 2639 3398 votum
2679 3352 2811 3398 non
2855 3350 3078 3397 succe-

549 3435 679 3514 dat,
725 3434 1029 3516 efficiam3
1075 3438 1379 3519 simulqve
1424 3438 1636 3520 gladio
1684 3459 1828 3501 eum
1871 3445 2093 3521 petere
2139 3440 2377 3502 statuit.
2466 3438 2649 3515 Qvod
2683 3437 3077 3502 animadver-

540 3541 729 3604 tens'2
785 3540 1021 3605 Biorno
1064 3541 1449 3608 Bretlandus
1494 3543 1803 3625 Vagnum‚
1869 3544 1971 3626 qvi
2015 3543 2284 3607 alterum
2324 3541 2560 3624 pedem
2603 3544 2866 3620 solutuS,
2922 3541 3077 3606 alte-

540 3665 681 3708 rum
742 3643 892 3708 fune
961 3645 1344 3710 constrictus
1410 3653 1567 3727 erat,
1633 3649 1927 3714 manibus
1991 3647 2198 3712 valide
2250 3646 2626 3730 propulsum
2680 3647 3078 3730 praecipitem

546 3746 740 3828 dedit,
788 3768 907 3832 qvo
949 3747 1192 3816 factum
1236 3756 1352 3829 est,
1396 3756 1467 3815 ut
1509 3752 1929 3834 ThorchilluS,
1989 3753 2090 3835 qvi
2136 3753 2290 3818 totis
2332 3753 2566 3818 viribus
2616 3772 2835 3818 ensem
2876 3751 3078 3833 impu-

545 3851 728 3933 lerat,
775 3853 991 3918 funem
1036 3855 1391 3923 dissecaret
1433 3855 1854 3941 gladiumqve‚
1900 3857 2017 3923 sed
2059 3858 2409 3943 inopinato,
2456 3857 2819 3924 dimitteret.
2904 3856 3076 3922 Fune

543 3957 835 4040 discisso,
866 3959 1124 4045 Vagnus
1159 3981 1229 4026 se
1264 3962 1566 4028 continuo
1586 3963 1653 4028 in
1672 3963 1893 4046 pedes,
1919 3970 2176 4047 arrepto
2202 3963 2437 4046 gladio,
2462 3962 2897 4027 Thorchillum
2919 3980 3067 4026 con-

543 4064 758 4130 fodit.⁸
813 4064 970 4131 Post
1005 4066 1089 4145 id,
1123 4066 1314 4131 Erico
1343 4088 1577 4152 pacem
1615 4067 1943 4150 offerente,
1966 4070 2226 4153 Vagnus
2254 4089 2400 4135 eam
2423 4088 2493 4133 se
2515 4087 2820 4152 respuere
2846 4065 3075 4151 ajebat,

544 4171 670 4236 nisi
693 4190 913 4235 omnes
938 4173 1315 4257 superstites
1337 4174 1376 4238 J
1380 4172 1871 4257 omsburgenses
1893 4174 1960 4238 in
1984 4176 2255 4259 gratiam
2275 4176 2745 4258 reciperentur3
2766 4172 2834 4237 id
2854 4172 3077 4237 Ericus

551 4276 647 4343 ita
689 4277 967 4343 futurum
1008 4280 1273 4361 recepit,
1319 4279 1485 4361 qvod
1529 4285 1747 4344 tamen
1773 4281 2098 4362 aegerrime
2136 4282 2308 4366 apud
2343 4280 2705 4364 Haqvinum
2728 4278 3074 4346 obtinebat.

852 4384 1070 4467 Porro,
1135 4385 1236 4450 his
1278 4386 1645 4465 transactiS,
1718 4382 1977 4468 Vagnus
2022 4388 2369 4454 Thorchilli
2409 4386 2606 4454 filiam
2647 4381 3082 4470 Ingiburgam4

545 4488 557 4494 ⁷
621 4526 637 4556 ¹
678 4520 836 4576 1778:
859 4492 1151 4579 bracchia.
1293 4529 1318 4559 ²
1357 4526 1515 4578 1778:
1555 4523 2012 4580 animadvertam.

620 4615 641 4651 θ
676 4613 968 4669 Punctum:
1007 4615 1564 4672 “Faue-confodit.“
1603 4616 1733 4670 saal.
1773 4617 1957 4688 begge
1992 4618 2172 4674 Afskr.
2310 4619 2336 4653 ⁴
2373 4619 2463 4673 59:
2500 4615 2877 4686 Ingiborgam.
