3350 5234
1772 320 1857 384 40

540 507 797 570 speram
839 485 1202 567 perveniret
1246 488 1312 548 et
1353 483 1607 548 famulis
1651 485 2054 549 tristissimos
2097 505 2389 550 rumores
2432 485 2769 551 indicaret·
2850 486 3098 565 Qvibus

539 593 792 671 auditis,
840 610 986 654 cum
1031 588 1138 652 alii
1181 594 1315 652 tum
1356 610 1491 671 prae
1539 591 1790 654 caeteris
1834 591 2164 673 Haqvinus
2211 611 2462 655 summa
2506 589 2780 656 affectus
2837 597 2940 657 est
2982 593 3100 655 tri-
3127 635 3144 641 ·

540 698 714 761 stitia
757 702 824 761 et
864 715 1154 759 maerore.
1243 694 1690 777 Augmundum
1729 698 1920 779 igitur
1964 697 2048 761 ad
2094 718 2164 761 se
2208 702 2506 760 vocatum
2527 698 2899 778 interrogat,
2947 698 3102 779 qvid

536 805 682 868 novi
727 802 849 867 sibi
895 801 1496 865 communicandum
1538 800 1802 866 habeat.
1891 802 2054 866 Tum
2093 802 2237 867 ille:
2281 801 2563 866 Bellicos
2597 802 2732 882 tibi,
2775 804 2929 868 licet
2962 825 3100 867 non

539 913 972 991 exspectatos,
1010 927 1318 985 rumoreS,
1366 927 1403 970 0
1449 907 1770 989 Haqvine!
1831 914 2125 991 apport0,
2177 908 2404 990 ingens
2449 909 2619 972 enim
2663 910 2981 973 exercitus
3027 915 3101 973 et
3187 992 3192 997 .

536 1013 928 1081 incredibilis
971 1012 1252 1077 hostium
1294 1032 1522 1077 manus
1567 1012 1862 1078 Vichiam
1902 1014 2153 1092 invasit,
2199 1017 2266 1077 et
2310 1014 2526 1077 omnia
2564 1014 2830 1096 praedia,
2892 1015 3098 1093 vicos,

541 1121 798 1202 tuguria
840 1120 1177 1183 ferocitate
1223 1124 1291 1182 et
1332 1117 1674 1182 atrocitate
1721 1116 2035 1197 devastat,
2079 1138 2201 1182 nec
2235 1120 2256 1159 ¹
2328 1120 2524 1201 priuS,
2590 1125 2893 1202 qvantum
2938 1139 3099 1183 con-

531 1226 706 1308 jici0,
753 1224 1042 1302 absistet,
1114 1244 1302 1306 qvam
1365 1229 1437 1287 tu
1498 1222 1853 1288 vindicibus
1920 1222 2113 1287 armis
2180 1225 2241 1287 ei
2296 1226 2655 1289 occurreris
2701 1231 2767 1289 et
2808 1225 3096 1289 nefarios

537 1331 817 1395 hostium
862 1329 1166 1394 tumultus
1210 1329 1648 1411 interceperis.
1738 1328 2066 1411 Haqvinus
2099 1329 2691 1395 stomachabundus
2727 1331 3093 1413 respondit:

537 1438 683 1501 Non
725 1438 954 1500 mirum
999 1441 1099 1499 est
1139 1454 1254 1499 vos
1300 1455 1341 1498 a
1384 1433 1763 1516 spargendis
1808 1433 2161 1498 mendaciis
2205 1455 2338 1499 non
2382 1435 2717 1515 desistere,
2761 1436 2885 1499 nisi
2921 1437 3094 1518 qvis-

537 1544 712 1624 piam
763 1547 1045 1605 vestrum
1089 1541 1300 1605 crucis
1347 1540 1682 1622 supplicio,
1740 1539 1882 1604 aliis
1940 1546 2013 1604 ut
2076 1541 2367 1623 exemplo
2416 1542 2516 1621 sit,
2562 1539 2835 1606 affectus
2878 1541 3092 1606 fuerit.

541 1647 656 1712 Cui
722 1646 949 1710 Ericus
1016 1645 1291 1728 Haqvini
1351 1644 1518 1709 filius
1583 1645 1947 1728 respondit:
2038 1646 2218 1727 Vide,
2261 1668 2344 1712 ne
2388 1648 2538 1726 tale,
2582 1653 2788 1731 pater,
2844 1653 3093 1712 temere

540 1753 804 1832 dixeris3
870 1753 963 1815 vir
1028 1753 1196 1815 enim
1258 1750 1466 1816 bonus
1528 1757 1593 1815 et
1656 1750 1784 1815 fide
1844 1750 2071 1834 dignus
2117 1758 2233 1834 est,
2279 1774 2400 1817 nec
2444 1753 2719 1818 libenter
2760 1755 3091 1818 mentitur.

538 1858 700 1922 Tum
744 1857 1106 1939 Haqvinus:
1158 1857 1482 1921 hominem
1533 1863 1599 1922 te
1642 1858 1897 1922 novisse
1944 1864 2216 1940 oportet,
2277 1880 2423 1922 cum
2480 1859 2540 1922 ei
2593 1864 2728 1923 tam
2771 1860 3097 1923 tenaciter

536 1963 981 2047 patrocineris.
1055 1962 1155 2025 Ad
1196 1963 1321 2026 hoc
1366 1962 1619 2027 Ericus:
1668 1960 1877 2041 Certe,
1923 1963 2048 2027 nisi
2088 1984 2190 2027 me
2238 1965 2484 2028 animus
2529 1964 2712 2043 fallit,
2758 1969 2869 2028 aut
2915 1964 3097 2028 oculi

538 2069 707 2132 male
765 2068 1183 2150 prospiciunt,
1239 2068 1655 2150 Augmundus
1731 2070 2109 2148 cognomine
2165 2068 2364 2133 Albus
2408 2070 2740 2134 familiaris
2810 2075 2875 2134 et
2940 2091 3096 2152 cog-

539 2181 729 2239 natus
773 2180 920 2238 tuus
966 2179 1082 2252 est,
1132 2176 1240 2237 et²
1284 2174 1366 2238 ab
1413 2194 1490 2238 eo
1536 2195 1666 2238 non
1709 2195 1857 2239 raro
1900 2174 2109 2238 laetins
2152 2174 2503 2257 meliusqve
2549 2176 2805 2258 excepti
2848 2196 3091 2254 snmus,

541 2302 727 2364 qvam
773 2301 813 2344 a
855 2280 1041 2344 nobis
1084 2301 1253 2344 nunc
1300 2280 1630 2362 excipitur.
1721 2279 2035 2345 Continuo
2081 2280 2412 2363 Haqvinus
2459 2301 2605 2345 eum
2647 2270 2736 2345 ad
2768 2301 2839 2345 se
2873 2283 3096 2345 vocari

533 2386 735 2470 jubet,
805 2388 1207 2468 agnitumqve
1250 2387 1621 2466 interrogat,
1694 2387 1827 2467 qvis
1874 2388 2192 2451 exercitus
2239 2387 2368 2451 dux
2412 2388 2513 2467 sit,
2572 2387 2813 2469 qvodve
2874 2388 2934 2450 ei
2975 2408 3095 2451 no-

535 2514 702 2559 men.
783 2493 900 2557 Cui
953 2492 1365 2574 Augmundus
1411 2490 1776 2574 Sigvaldum
1822 2490 2268 2573 Strutharaldi‚
2335 2492 2628 2557 Boonem
2689 2498 2756 2557 et
2799 2491 3093 2573 Vagnum

541 2601 859 2664 exercitus
906 2597 1282 2680 coryphaeos
1329 2618 1474 2661 esse
1518 2597 1871 2680 respondit.
1958 2598 2042 2662 Et
2063 2599 2129 2661 in
2164 2598 2623 2663 evidentiorem
2646 2599 2743 2663 rei
2763 2597 3093 2661 certitudi-

540 2726 686 2769 nem
709 2704 1045 2770 brachium
1064 2703 1356 2767 mutilum
1380 2702 1673 2768 omnibus
1703 2702 2098 2767 astantibus³
2113 2704 2413 2769 ostendit.
2437 2705 2535 2770 Ibi
2547 2705 2876 2787 Haqvinus
2900 2704 3096 2767 amici

541 2832 765 2876 casum
802 2816 936 2875 tam
981 2809 1286 2874 acerbum
1330 2830 1593 2892 gemens
1643 2810 2050 2874 exclamavit:
2137 2810 2337 2890 Eheu,
2406 2832 2652 2875 summo
2700 2809 2974 2874 affectus
3021 2831 3093 2874 es

541 2919 807 2984 damno!
855 2916 1014 2996 Scis,
1061 2915 1352 2996 obsecre,
1402 2917 1535 3000 qvis
1579 2916 1697 2981 tibi
1740 2922 1876 2980 tam
1920 2923 2104 2981 atrox
2148 2923 2215 2981 et
2237 2918 2478 2999 grande
2503 2917 2724 2982 vulnus
2748 2916 3094 2981 inflixerit?

541 3024 900 3107 Respondit
922 3023 1363 3104 Augmundus:
1392 3023 1709 3100 Qvantum
1733 3042 1812 3086 ex
1832 3023 2119 3104 ipsorum
2138 3024 2306 3087 inter
2328 3043 2399 3088 se
2431 3024 2761 3106 colloqviis
2789 3023 3094 3105 colligere

540 3132 738 3212 potui,
804 3129 1064 3211 Vagnus
1131 3129 1411 3191 Achonis
1479 3129 1604 3191 hoc
1649 3129 1805 3192 mihi
1851 3128 2159 3193 damnum
2198 3130 2427 3194 intulit.
2514 3130 2876 3223 Pretiosum
2917 3129 3096 3193 haud

542 3235 733 3300 dubie
763 3219 1097 3313 annulum,
1152 3233 1375 3316 Vagne
1418 3235 1721 3314 AchoniS,
1776 3234 2066 3299 lucratus
2113 3256 2205 3319 eS,
2266 3257 2450 3318 qvem
2493 3237 2728 3314 manui,
2776 3256 2912 3317 qvae
2957 3237 3093 3299 viro

542 3365 576 3408 e
641 3342 932 3408 tabulato
1000 3341 1319 3405 desilienti
1374 3339 1493 3404 abs
1531 3345 1595 3403 te
1639 3340 1960 3422 praecisa4
2024 3348 2142 3420 est,
2210 3340 2562 3406 detraxisti.
2649 3342 2812 3406 Tum
2854 3341 3095 3423 Haqvi-

536 3456 687 3515 nus:
734 3449 831 3513 Ex
876 3448 1046 3512 omni
1088 3447 1356 3511 militum
1400 3466 1686 3526 numere,
1744 3465 1900 3526 qvos
1957 3451 2098 3510 tota
2138 3446 2281 3511 haec
2325 3449 2547 3512 mundi
2587 3449 2893 3513 machina
2937 3469 3091 3513 con-

536 3557 715 3635 tinet,
759 3555 915 3618 nulli
948 3559 1114 3637 sunt,
1161 3574 1424 3636 qvorum
1447 3574 1628 3616 arma
1656 3553 1860 3634 magis
1896 3559 2198 3634 metuam,
2225 3575 2414 3637 qvam
2432 3555 2471 3619 J
2476 3555 3083 3639 omsburgensium⁶.

538 3663 688 3729 Jam
754 3662 924 3726 enim
991 3666 1057 3724 et
1120 3666 1374 3724 maturo
1443 3659 1713 3723 consilio
1780 3664 1846 3722 et
1888 3659 2124 3724 viribus
2171 3681 2332 3743 opus
2380 3682 2525 3726 esse
2568 3663 2774 3726 video·
2902 3660 3092 3726 Nunc

536 3771 731 3854 igitur
793 3788 977 3832 mora
1041 3768 1213 3830 omni
1272 3766 1586 3848 deposita,
1653 3764 1739 3828 ad
1796 3764 2156 3831 Svenonem
2194 3766 2393 3831 filium
2435 3789 2650 3833 meum
2690 3768 2906 3834 nuncii
2945 3769 3094 3834 mit-

537 3875 716 3942 tendi
761 3880 924 3954 sunt,
967 3878 1039 3938 ut
1084 3873 1452 3952 exercitum,
1501 3893 1688 3955 qvam
1731 3873 2080 3937 maximum
2120 3879 2354 3956 potest,
2400 3875 2678 3959 colligat,
2724 3882 2790 3942 et
2829 3896 2948 3961 per
2989 3882 3093 3941 to-

535 3984 704 4049 tam⁶
746 3979 1319 4047 Throndhemiam⁷
1364 4000 1477 4045 eos
1523 3979 1910 4060 conscribat,
1958 3980 2059 4063 qvi
2108 3981 2301 4045 armis
2334 3982 2664 4066 gestandis
2698 3984 2913 4049 idonei
2938 4003 3091 4048 cen-

539 4096 774 4171 sentur,
843 4094 909 4155 et
966 4108 1188 4152 omnes
1242 4106 1438 4153 naves
1491 4087 1836 4152 mediocris
1881 4086 2335 4169 magnitudinis
2403 4092 2596 4156 armis
2665 4097 2729 4157 et
2771 4089 3091 4155 machinis

535 4198 786 4265 bellicis
840 4198 1134 4262 instruat.
1221 4195 1408 4262 Hanc
1466 4201 1684 4261 autem
1734 4193 2205 4279 profectionem
2246 4196 2438 4262 Erico
2482 4196 2613 4261 filio
2660 4218 2774 4263 suo
2824 4197 3091 4262 deman-

539 4307 652 4374 dat
697 4305 1004 4373 dictitans
1051 4324 1293 4387 omneS,
1354 4325 1431 4371 eo
1474 4308 1818 4388 praesente,
1886 4303 1972 4368 ad
2015 4324 2197 4370 arma
2241 4305 2554 4371 sumenda
2598 4305 2948 4371 alacriores
2992 4303 3092 4369 fu-

611 4471 630 4503 ¹
661 4439 754 4523 591
772 4440 1060 4524 devastat.
1103 4469 1236 4523 Nec.
1380 4472 1405 4502 ²
1441 4468 1535 4521 59:
1575 4469 1660 4519 est
1751 4463 1842 4518 Et.
1990 4469 2012 4500 ⁸
2051 4468 2207 4520 1778:
2246 4465 2610 4522 adstantibus.

605 4567 631 4599 ⁴
667 4569 761 4620 59:
797 4564 1111 4633 praescissa3
1153 4565 1309 4619 1778:
1346 4561 1622 4631 praescisa.
1762 4563 1783 4592 ⁵
1823 4562 1979 4614 1778:
2016 4560 2551 4634 Jonisburgensium.

607 4663 630 4695 ὃ
671 4662 824 4717 1778:
863 4663 1060 4713 totum.
1201 4665 1224 4693 ⁷
1263 4659 1420 4712 1778:
1456 4652 1903 4708 Trondhemiam.
