3350 5234
1527 357 1606 421 31

394 524 500 590 XI.
543 524 603 590 N
605 544 692 589 on
749 523 1125 603 divitiarum,
1188 542 1323 588 non
1366 521 1954 605 consangvinitatis,
2018 541 2150 586 non
2207 521 2502 586 amicitiae
2561 540 2714 603 ergo
2761 522 2850 586 ci-

543 630 740 694 vitate
784 630 1115 713 qvisqvam
1158 626 1386 693 donari
1425 632 1704 712 poterat.
1801 627 1857 692 Ii
1899 627 2071 693 enim
2114 626 2535 706 solummodO,
2580 628 2683 708 qvi
2725 627 2846 691 vir-

542 739 681 800 tute
743 753 981 800 nomen
1043 754 1230 798 suum
1288 733 1669 799 mortalibus
1726 731 2336 798 commendaverant
2358 734 2395 812 ¹,
2459 732 2500 798 J
2503 730 2849 813 omsburgo

546 839 719 923 digni
764 840 1214 906 censebantur.

364 945 502 1013 XII.
546 945 685 1011 Has
737 946 917 1029 leges
972 947 1324 1029 qvicunqve
1387 946 1657 1011 violaret
1701 950 1814 1009 aut
1858 945 2327 1011 contumaciter
2366 943 2850 1026 transgredere-

546 1059 666 1132 tur,
711 1072 962 1116 summa
1006 1072 1152 1115 cum
1191 1053 1541 1136 ignominia
1585 1072 1664 1116 ex
1710 1051 1968 1115 civitate
2014 1049 2373 1131 ejiceretur.

598 1178 1176 1263 2Jomsburgenses
1222 1186 1451 1245 aestate
1485 1181 1701 1263 qvavis
1724 1179 2065 1262 piraticam
2085 1176 2383 1243 faciendo
2407 1179 2576 1243 notis
2609 1179 2855 1261 pariter

297 1294 361 1354 et
421 1289 659 1371 ignotis
726 1273 907 1352 suum
970 1306 1206 1351 nomen
1266 1284 1669 1350 formidabile
1734 1283 2168 1363 reddiderunt,
2222 1290 2295 1348 ut
2348 1284 2590 1348 idcirco
2637 1284 2851 1348 Joms-

293 1390 579 1475 vikinqar
623 1391 772 1469 (hoc
819 1398 919 1458 est
952 1392 1294 1475 praedones
1327 1388 1897 1474 Jomsburgenses)
1926 1389 2006 1456 ab
2038 1389 2329 1454 omnibus
2355 1391 2849 1472 appellarentur.

1395 1709 1583 1778 OAP.
1632 1720 1756 1776 IV.

422 1866 763 1948 ,S‘dqvaldus
807 1869 867 1929 et
909 1863 1307 1930 morchilbus
1360 1864 1648 1931 Vesebum
1692 1864 1993 1947 qvendam
2037 1866 2334 1930 armentis
2352 1865 2377 1902 ³
2431 1863 2721 1944 spoliant.

601 2075 800 2141 Hisce
878 2076 1273 2159 temporibus
1338 2075 1770 2141 Bornholmiae
1845 2077 1939 2140 vir
2003 2077 2179 2141 dives
2240 2075 2545 2157 juxtaqve
2599 2094 2849 2156 magnae

297 2182 742 2247 aestimationis
797 2183 1055 2246 nomine
1109 2181 1385 2246 Vesetus
1439 2181 1713 2264 praefuit.
1798 2181 1864 2245 Is
1910 2202 1989 2246 ex
2029 2202 2227 2246 uxore
2262 2178 2673 2262 Hildegunda
2714 2185 2848 2243 tres

291 2286 533 2353 liberos
595 2287 888 2352 Boonem
931 2287 1253 2367 Crassum,
1300 2286 1674 2369 Sigvardum
1729 2286 1971 2369 Capu4,
2036 2287 2353 2369 filiamqve
2398 2284 2852 2367 Thorgunnam

296 2398 694 2477 susceperat,
740 2412 876 2475 qvae
919 2392 1170 2457 Achoni
1210 2391 1692 2458 Palmatokonis
1736 2392 1885 2473 filio,
1928 2393 2105 2476 Rege
2150 2392 2458 2471 Svenone,
2505 2392 2607 2473 qvi
2637 2391 2851 2454 Acho-

295 2519 445 2563 nem
511 2518 759 2563 summo
826 2518 1082 2581 semper
1145 2499 1514 2581 complexus
1581 2505 1683 2564 est
1748 2519 1983 2579 amore,
2038 2503 2444 2582 procurante,
2488 2498 2722 2579 nupsit,
2770 2516 2851 2560 ex

296 2624 561 2686 qvorum
628 2604 921 2688 conjugio
990 2604 1246 2688 qvidam
1297 2606 1553 2670 nomine
1610 2605 1870 2688 Vagnus
1919 2603 2128 2668 forma
2173 2602 2452 2686 eleganti
2506 2608 2572 2668 et
2613 2601 2848 2667 viribus

292 2710 676 2792 praevalidis,
723 2710 841 2776 sed
881 2712 1106 2777 immiti
1148 2711 1471 2793 ferociqv'e
1517 2713 1773 2794 ingenio
1817 2716 2007 2775 natus
2054 2715 2175 2774 est.
2262 2709 2357 2772 Bo
2404 2707 2678 2772 Crassus
2713 2713 2849 2772 tam

293 2817 636 2881 inusitatas
703 2822 769 2881 et
829 2823 1242 2899 portentosas
1302 2819 1466 2882 vires
1523 2817 1828 2882 habuisse
1886 2817 2133 2895 dicitur,
2187 2820 2259 2878 ut
2304 2813 2704 2896 conjiciendo
2746 2815 2850 2877 vix

296 2942 410 2986 eas
454 2921 621 2985 ullus
665 2925 874 3005 possit
919 2925 1190 3005 asseqvi.

599 3027 746 3093 Fuit
807 3029 1038 3094 iisdem
1102 3030 1497 3113 temporibus
1569 3031 1637 3094 in
1721 3029 2025 3095 Selandia
2085 3030 2245 3097 baro
2321 3030 2577 3093 nomine
2643 3026 2847 3092 Strut-

296 3132 603 3198 haraldus
620 3137 664 3213 ⁶,
733 3136 835 3200 cui
884 3155 1258 3218 cognomen
1314 3156 1355 3200 a
1408 3135 1658 3201 cucullo
1716 3135 1943 3201 decem
1995 3138 2230 3202 marcis
2288 3137 2427 3200 auri
2480 3140 2707 3200 ornato
2751 3136 2847 3198 in-

298 3239 500 3303 ditum
565 3238 701 3304 fuit.
829 3240 909 3305 Ei
970 3261 1132 3305 uxor
1187 3240 1528 3324 Ingigerda
1591 3241 1756 3306 filios
1822 3242 2187 3325 Sigvaldum
2251 3249 2316 3308 et
2371 3241 2849 3306 Thorchillum⁶

298 3346 676 3427 cognomine
722 3346 957 3430 Altum,
1000 3352 1331 3429 utrumqve
1384 3346 1620 3413 viribus
1662 3349 2047 3431 solertiaqve
2079 3348 2577 3433 praecellentem,
2619 3346 2846 3417 filiam-

297 3472 415 3533 qve
482 3451 723 3518 Tovam
774 3458 1138 3536 pepererat.
1244 3451 1575 3536 Sigvaldus
1641 3460 1708 3519 et
1759 3455 2159 3520 Thorchillus
2203 3454 2243 3518 J
2246 3453 2657 3536 omsburgum
2697 3473 2847 3536 pro-

292 3556 526 3622 fecturi
589 3566 1018 3625 commeatum
1065 3559 1279 3624 itineri
1343 3559 1768 3625 sufficientem
1834 3582 1874 3626 a
1924 3568 2109 3644 patre
2167 3561 2288 3626 sibi
2333 3559 2475 3626 dari
2515 3559 2844 3644 petebant.

292 3661 529 3728 Renuit
568 3671 757 3748 pater
800 3666 1042 3745 dicens,
1088 3667 1144 3730 si
1183 3665 1501 3748 profectio
1544 3667 1705 3749 ipsis
1752 3687 1920 3732 curae
1967 3673 2159 3748 esset,
2206 3687 2319 3732 eos
2364 3667 2444 3731 de
2482 3672 2849 3731 commeatu

295 3768 416 3835 sibi
459 3777 940 3854 prospecturos.
1024 3770 1124 3835 Illi
1154 3772 1279 3836 hac
1326 3772 1588 3838 sinistra
1628 3775 1834 3856 patris
1885 3776 1982 3840 sui
2023 3773 2351 3839 voluntate
2397 3772 2554 3838 nihil
2594 3772 2844 3838 abster-

293 3877 417 3957 riti,
486 3877 799 3944 confectis
866 3877 1114 3944 duabus
1167 3878 1436 3945 navibus
1482 3885 1860 3964 centumqve
1903 3881 2271 3947 lectissimis
2314 3879 2637 3958 militibus,
2681 3879 2847 3944 mari

294 4002 364 4048 se
431 3984 852 4050 committunt.
967 3984 1084 4064 Qvi
1134 3984 1615 4053 Bornholmiam
1682 3989 2088 4071 attingentes,
2158 4008 2304 4059 cum
2361 3990 2726 4052 commeatu
2776 3985 2845 4050 in

291 4089 655 4157 universum
719 4090 1233 4174 destituerentur,
1294 4093 1660 4159 incursione
1724 4095 1792 4160 in
1833 4115 1980 4160 eam
2020 4094 2215 4175 facta,
2268 4094 2582 4178 praedium
2623 4091 2847 4157 Veseti

292 4217 489 4262 unum
551 4198 858 4264 armentis
923 4197 1297 4281 spoliarunt.
1393 4198 1552 4265 Inde
1597 4205 1781 4266 recta
1821 4200 1862 4266 J
1866 4202 2276 4284 omsburgum
2315 4219 2538 4266 versus
2584 4217 2843 4263 cursum

293 4302 640 4387 dirigentes
706 4327 749 4371 a
809 4304 1293 4389 Palmatokone,
1361 4327 1507 4372 cum
1561 4329 1767 4392 genus
1822 4315 1890 4375 et
1930 4309 2185 4375 natales
2230 4327 2382 4374 suos
2424 4306 2843 4387 indicassent,

289 4409 461 4477 intra
499 4431 718 4478 muros
759 4412 1175 4497 recipiuntur.
1259 4413 1579 4481 Lustratis
1623 4416 1857 4482 deinde
1901 4436 2124 4483 eorum
2163 4414 2487 4497 militibus,
2543 4415 2844 4498 qvinqva-

365 4588 384 4623 ¹
420 4589 512 4645 59:
550 4588 1020 4646 commendarant.
1161 4596 1187 4627 ²
1224 4593 1358 4649 1778
1393 4590 1496 4647 har
1527 4589 1660 4647 ikke
1694 4591 2017 4651 Liniebrud.
2146 4598 2169 4631 ⁸
2206 4594 2365 4651 1778:
2403 4588 2772 4651 armamentis.

417 4688 444 4719 ⁴
479 4687 573 4742 59:
611 4684 787 4756 Capu.
933 4689 956 4721 ⁶
996 4688 1155 4746 1778:
1194 4683 1716 4747 Struct-Haraldus..
1857 4689 1882 4723 ⁸
1919 4691 2081 4745 1778:
2116 4688 2474 4747 Torchillum.
