3350 5234
1769 360 1853 427 22

1601 534 1793 594 cAP.
1838 537 1998 592 111.

972 679 1067 743 Po
1075 679 1293 746 lnerus
1335 681 1534 763 filiam
1579 681 1786 747 Ottari
1824 681 2111 747 Barom's
2151 699 2413 745 uxorem
2455 679 2643 744 ducit.

1753 798 1890 807 .—

840 841 1176 925 Sigvardo¹
1225 846 1479 912 cuidam
1520 848 1654 913 viro
1696 866 1933 912 nomen
1978 851 2147 927 erat3
2192 845 2252 910 ei
2285 844 2603 927 qvondam
2634 863 2780 908 cum
2808 840 3094 906 Polnero

534 951 599 1012 et
640 947 904 1012 Achone
964 953 1316 1017 communis
1371 952 1490 1017 fuit
1544 953 1863 1018 educatio.
1949 952 2136 1035 Isqve
2183 950 2321 1034 jam
2377 949 2609 1014 divitiis
2654 954 2720 1013 et
2764 946 3095 1031 sapientia

533 1053 744 1117 clarus
808 1075 954 1118 cum
994 1056 1267 1121 Polnero
1310 1058 1661 1124 fraternam
1707 1079 1960 1141 semper
2007 1056 2271 1123 colebat
2318 1055 2688 1120 amicitiam.
2777 1053 2897 1130 Qvi
2941 1072 3093 1116 cum

530 1159 844 1224 invisendi
884 1160 1137 1226 Polneri
1180 1165 1390 1242 gratia
1423 1164 1508 1229 ad
1531 1154 1684 1228 eum
1710 1184 1780 1229 se
1805 1163 2201 1242 contulisset,
2244 1163 2413 1227 inter
2436 1160 2582 1239 alia,
2625 1164 2698 1223 ut
2727 1158 2813 1223 ad
2845 1157 3090 1222 ducen-

533 1263 683 1329 dam
722 1286 989 1330 uxorem
1031 1268 1310 1333 animum
1356 1269 1728 1354 appelleret,
1773 1290 1958 1335 suam
2008 1269 2069 1333 ei
2118 1268 2187 1333 in
2239 1268 2365 1331 isto
2408 1266 2666 1349 negotio
2709 1264 2877 1328 ultro
2924 1278 3087 1344 ope-

532 1390 674 1435 ram
718 1370 1013 1437 deferens
1056 1373 1453 1439 hortabatur.
1560 1375 1637 1439 Ei
1683 1375 2017 1440 sententiae
2059 1373 2388 1450 PolneruS,
2441 1370 2568 1436 hoc
2613 1370 2780 1435 enim
2821 1367 3089 1450 potissi-

531 1497 706 1540 mum
750 1477 989 1542 doloris
1034 1480 1133 1543 sui
1166 1480 1457 1544 levamen
1499 1478 1640 1545 fore
1704 1479 2028 1564 sperabat,
2074 1478 2471 1560 subscripsit.

839 1583 1179 1666 Sigvardus
1221 1586 1429 1668 igitur,
1471 1607 1632 1652 nave
1681 1606 2043 1651 conscensa
2056 1586 2105 1665 ²,
2150 1586 2218 1649 in
2242 1582 2653 1648 Gotlandiam
2676 1579 2761 1645 ad
2787 1578 3089 1643 Ottarum

532 1690 851 1755 Baronem
893 1692 1286 1771 transmittit,
1332 1692 1590 1775 ejusqve
1655 1691 1854 1756 filiam
1893 1690 2302 1773 Ingiborgam
2343 1688 2617 1753 Polnero
2660 1705 2929 1750 uxorem
2970 1704 3087 1766 pe-

532 1797 629 1879 tit,
692 1797 907 1860 multis
979 1798 1227 1863 interea
1294 1798 1543 1863 divitias
1611 1794 1867 1862 Polneri
1927 1794 2386 1861 commendans
2451 1799 2518 1859 et
2557 1791 2823 1857 Achone
2866 1790 3084 1872 (cujus

530 1901 838 1967 fortitudo
895 1909 959 1967 et
1003 1902 1189 1968 dotes
1235 1903 1463 1969 Ottaro
1509 1905 1783 1988 cognitae
1830 1904 2053 1985 erant)
2098 1901 2294 1966 nihilo
2338 1899 2705 1965 inferiorem
2748 1918 2895 1963 eum
2940 1916 3085 1961 esse

533 2008 918 2091 praedicans.
1018 2007 1280 2074 Ottarus
1341 2012 1677 2090 consentit,
1721 2009 2046 2092 filiamqve
2092 2008 2346 2073 absenti
2386 2006 2660 2071 Polnero
2705 2002 3085 2088 despondet.

532 2113 687 2177 Dies
730 2115 967 2195 nuptiis
1011 2115 1076 2178 in
1118 2116 1345 2182 Fionia
1385 2123 1653 2200 propter
1693 2117 1950 2181 Polneri
1991 2114 2436 2180 infirmitatem
2480 2110 2884 2177 celebrandis
2931 2108 3087 2172 dici-

533 2223 654 2284 tur.
765 2219 964 2284 Porro
1031 2220 1371 2303 Sigvardus
1428 2223 1560 2287 voti
1633 2243 1899 2306 compos
1972 2221 2184 2287 factus
2239 2223 2306 2285 in
2347 2220 2640 2284 Fioniam
2680 2235 2903 2282 rursus
2946 2213 3088 2278 vela

530 2323 702 2405 fecit,
746 2325 1211 2410 Polnerumqve
1258 2328 1397 2410 jam
1437 2327 1664 2393 morbo
1708 2327 1844 2394 fere
1892 2349 2017 2393 con
2032 2326 2277 2393 fectum
2327 2326 2406 2391 de
2450 2324 2779 2408 'prosperis
2826 2338 3084 2384 succes-

531 2431 815 2497 sionibus
883 2435 1223 2499 certiorem
1273 2434 1504 2499 reddit.
1609 2433 1847 2513 Qvibus
1890 2435 1996 2499 ille
2058 2434 2298 2499 auditis
2342 2432 2443 2497 his
2491 2428 2808 2496 affectus⁸
2853 2431 2971 2505 est,
3014 2430 3085 2488 ut

533 2537 740 2603 morbi
785 2541 1086 2606 continuo
1139 2541 1526 2604 levationem
1581 2540 1863 2620 sentiret,
1920 2541 2278 2625 paucisqve
2334 2542 2485 2622 post
2540 2535 2763 2601 diebus
2820 2532 2905 2599 ad
2959 2532 3084 2616 pri-

536 2645 770 2710 stinam
815 2648 1158 2711 sanitatem
1207 2646 1464 2710 rediret.

835 2752 1146 2817 Interea*
1222 2773 1301 2817 ex
1387 2751 1735 2817 Gotlandia
1810 2752 2048 2833 magna
2135 2772 2375 2835 pompa
2446 2748 2741 2814 Fioniam
2821 2745 3083 2810 Ottarus

536 2880 681 2923 cum
737 2857 869 2922 filia
925 2857 1256 2922 advehitur
1311 2863 1376 2923 et
1442 2879 1482 2922 a
1523 2857 1816 2938 Polnero,
1883 2864 2077 2942 prout
2133 2880 2254 2944 par
2308 2854 2468 2936 erat,
2512 2852 2865 2920 honorifice
2913 2851 3082 2917 exci-

532 2966 721 3046 pitur.
829 2963 1078 3028 Deinde
1143 2965 1510 3046 nuptiarum
1575 2965 1868 3030 solennia
1911 2987 2161 3030 summa
2216 2985 2361 3029 cum
2404 2963 2627 3028 laetitia
2669 2965 3081 3043 peraguntur.

534 3068 831 3134 Convivio
879 3074 1093 3133 autem
1135 3071 1201 3132 in
1246 3070 1512 3134 multam
1555 3076 1815 3135 noctem
1856 3077 2204 3154 pertractO,
2262 3090 2407 3135 cum
2450 3068 2535 3134 ad
2580 3087 2876 3132 somnum
2916 3083 3086 3128 nova

532 3179 736 3256 nupta
800 3195 870 3238 se
939 3175 1426 3257 composuisset,
1489 3175 1620 3240 tale
1687 3177 1746 3240 ei
1811 3178 2125 3241 somnium
2191 3175 2436 3259 obtigit.
2523 3174 2700 3238 Inter
2740 3170 3086 3237 texendum

531 3280 729 3344 telam
794 3281 1010 3363 capita
1070 3280 1352 3346 humana
1407 3282 1663 3345 stamini
1735 3283 2168 3365 appendentia
2220 3282 2434 3346 videre
2477 3281 2617 3344 visa
2660 3285 2777 3358 est,
2823 3296 3088 3360 qvorum

530 3407 744 3465 unum,
791 3386 923 3450 tela
964 3386 1402 3452 vehementius
1445 3386 1611 3450 forte
1659 3407 1996 3467 concussa,
2045 3409 2189 3452 cum
2219 3387 2584 3470 deJeoisset,
2622 3384 2963 3468 praehenso
2988 3403 3085 3461 ec,

530 3492 802 3556 Haraldi
843 3493 1034 3575 Regis
1082 3498 1277 3574 caput
1321 3512 1465 3557 esse
1513 3494 1786 3576 agnovit.
1886 3494 2210 3576 Evigilans
2253 3513 2405 3558 vero
2452 3494 2770 3557 somnium
2811 3490 3085 3555 Polnero

530 3598 764 3677 retulit,
811 3620 890 3662 ex
934 3619 1053 3680 qvo
1089 3599 1194 3662 ille
1243 3598 1514 3680 aliqvem
1558 3599 1637 3663 de
1684 3620 1802 3663 sua
1825 3599 2165 3681 prosapia⁶
2209 3605 2643 3663 surrecturum
2666 3596 2939 3679 collegit,
2986 3596 3088 3677 qvi

534 3702 616 3769 ob
679 3703 1088 3768 interfectum
1144 3704 1476 3768 Achonem
1539 3704 1848 3768 ultionem
1916 3703 1995 3768 de
2064 3704 2241 3786 Rege
2305 3704 2593 3769 Haraldo
2661 3708 2726 3768 et
2787 3702 3085 3768 Fiolnero

534 3816 829 3875 sumeret.
937 3810 1246 3875 Polnerus
1313 3816 1527 3874 autem
1592 3830 1903 3874 successu
1966 3810 2274 3892 temporis
2344 3831 2422 3875 ex
2493 3808 2837 3893 Ingiborga
2891 3808 3089 3873 filium

531 3913 1061 3982 Palmatokonem
1118 3915 1516 3980 nominatum
1574 3915 1881 3998 suscepit.
1966 3915 2113 3981 Fuit
2154 3916 2210 3980 is
2257 3922 2406 3980 ante
2453 3936 2675 3981 omnes
2723 3935 2873 3981 suos
2920 3935 3087 3979 coae-

531 4027 760 4087 taneos
828 4023 1104 4105 sapienti
1167 4021 1507 4104 solertiqve
1550 4021 1808 4104 ingenio
1855 4020 2107 4087 Achoni
2148 4027 2379 4105 patruo
2427 4043 2542 4088 suo
2587 4044 2707 4106 per
2750 4021 2965 4086 omnia
3007 4020 3091 4084 si-

532 4128 848 4194 millimus.
958 4127 1081 4193 Hic
1151 4149 1297 4194 cum
1363 4127 1819 4192 adolescentiae
1881 4130 2187 4194 terminos
2244 4128 2380 4194 fere
2436 4130 2842 4209 excessisset,
2886 4127 3089 4211 patris

535 4236 633 4299 sui
673 4234 878 4315 bonis,
925 4237 1027 4318 qvi
1069 4235 1136 4300 id
1178 4235 1488 4317 temporis
1537 4233 1709 4299 diem
1731 4253 1917 4298 suum
1952 4233 2128 4314 obiit,
2161 4235 2652 4319 praeficiebatur.
2697 4235 2917 4315 Porr0,
2946 4233 3091 4319 qvia

532 4342 600 4405 in
664 4342 951 4424 paternis
1013 4342 1257 4408 aedibus
1325 4340 1707 4407 delitescere
1771 4339 2261 4422 ignominiosum
2325 4341 2680 4425 judicabat,
2751 4338 3092 4406 duodecim
3145 4340 3150 4343 ’

532 4447 860 4512 instructis
904 4448 1189 4529 navibus,
1226 4452 1479 4513 exteras
1520 4451 1729 4512 terras
1761 4445 2045 4529 petebat,
2084 4466 2319 4530 easqve
2355 4449 2599 4517 crebris
2630 4447 2817 4515 bellis
2842 4465 3092 4513 summa

537 4551 918 4618 dexteritate
965 4560 1030 4619 et
1070 4553 1381 4619 felicitate
1401 4555 1428 4593 ⁶
1467 4552 1812 4617 lacessivit.

611 4700 629 4730 ¹
671 4699 802 4751 1778
840 4696 1053 4751 overalt
1087 4695 1109 4747 i
1144 4690 1296 4747 dette
1329 4691 1475 4761 Cap:
1513 4691 1826 4761 Sygvardus
1864 4695 1965 4745 etc.
2090 4695 2116 4726 ²
2153 4694 2311 4746 1778:
2351 4690 2625 4747 confecta.
2757 4693 2779 4725 ⁸
2810 4688 3092 4744 arrectus?

604 4791 631 4822 ⁴·
672 4791 806 4844 1778
840 4788 944 4843 har
977 4787 1108 4842 ikke
1142 4783 1470 4841 Liniebrud.
1616 4787 1638 4820 ⁶
1673 4785 1767 4839 59:
1804 4782 2082 4852 prosopia.
2226 4786 2249 4817 ⁶
2284 4783 2377 4836 59:
2413 4781 2697 4837 facilitate.
