3350 5234
1554 302 1591 368 7

289 472 513 548 erant,
557 467 851 535 homines
892 466 1064 534 fame
1106 466 1424 550 perituros
1466 467 1770 552 intellige.
1859 469 1974 546 Qvi
2020 469 2189 533 enim
2229 473 2383 533 tunc
2434 473 2742 553 temporis
2784 472 2852 538 in

285 573 448 637 vivis
492 573 759 653 tuerint,
806 594 953 639 cum
996 573 1346 638 demortuis
1380 575 1618 657 optime
1642 575 1777 657 agi,
1819 578 2044 656 utpote
2090 575 2193 657 qvi
2220 574 2511 640 omnibus
2532 577 2852 659 perfuncti

286 679 476 743 malis
530 681 726 744 vitam
786 701 933 744 cum
987 685 1194 743 morte
1249 678 1472 744 felices
1518 681 1995 759 commutarint,
2055 679 2403 762 putabunt,
2473 702 2656 747 suam
2696 704 2847 748 vero

288 786 651 866 miseriam,
708 791 780 850 ut
824 784 1046 869 qvibus
1090 784 1261 849 fame
1307 784 1629 850 dirissima
1669 785 2068 869 pereundum
2113 787 2220 865 sit,
2268 785 2511 851 crebris
2559 790 2848 872 suspiriis

290 896 357 956 et
399 890 700 973 lacrymis
761 889 1206 974 deplorabunt.

604 998 787 1075 Qvod
823 1002 1038 1062 autem
1071 996 1266 1060 tertia
1295 1000 1488 1061 nocte
1541 996 1791 1061 catulos
1829 994 2094 1060 canibus
2126 996 2410 1061 inclusos
2453 997 2571 1063 tibi
2600 1000 2848 1084 tuisqve

292 1102 633 1168 comitibus
679 1103 1004 1169 oblatrare
1046 1101 1264 1166 videre
1306 1103 1478 1166 visus
1524 1122 1623 1182 es,
1666 1102 1963 1166 fortassis
2006 1102 2074 1165 in
2114 1101 2328 1167 Dania
2362 1104 2850 1187 suppullulaturi

291 1212 443 1273 sunt
509 1208 726 1291 aliqvi,
793 1210 893 1291 qvi
908 1259 922 1288 ,
982 1229 1128 1272 cum
1192 1208 1318 1291 ipsi
1362 1229 1441 1271 ex
1481 1208 1703 1272 humili
1745 1227 1978 1291 genere
2026 1208 2326 1287 oriantur,
2371 1209 2585 1274 multis
2628 1216 2849 1275 tamen

292 1316 493 1380 etiam
544 1313 952 1398 magnatibus
995 1314 1177 1396 regni
1217 1315 1312 1377 tui
1355 1314 1719 1396 superiores
1765 1312 2055 1378 evadent.
2164 1313 2482 1378 Caeterum
2535 1316 2680 1397 qvia
2720 1316 2847 1381 hoc

291 1421 609 1485 somnium
651 1420 869 1484 ultime
913 1419 1031 1485 tibi
1072 1419 1277 1483 visum
1322 1425 1454 1499 est,
1507 1441 1697 1485 nemo
1741 1424 1807 1484 te
1855 1417 2354 1499 contrahiscere,
2397 1421 2635 1486 nedum
2669 1443 2849 1486 arma

297 1529 686 1610 capessere¹
735 1531 1111 1609 praesumet3
1158 1526 1390 1609 alioqvi
1431 1547 1562 1590 non
1602 1525 1830 1590 lubens
1873 1523 1990 1589 tibi
2031 1525 2414 1607 nupsissem.

592 1632 711 1696 His
757 1637 823 1697 et
866 1633 1006 1697 aliis
1049 1633 1301 1697 facetiis
1341 1638 1407 1697 et
1450 1630 1986 1697 oblectationibus
2012 1632 2367 1696 convivium
2410 1652 2597 1697 omne
2637 1637 2848 1698 trans-

287 1736 601 1819 igebatur.
691 1739 825 1816 Qvo
869 1744 1157 1821 peract0‚
1199 1738 1339 1802 Rex
1369 1738 1594 1802 Daniae
1634 1737 1893 1818 Gorm0,
1940 1744 2273 1821 assumpta
2316 1759 2537 1803 secum
2578 1740 2847 1823 conjuge

290 1841 530 1926 Thyra,
573 1843 644 1907 in
683 1864 951 1926 regnum
995 1845 1275 1926 patrium
1316 1844 1458 1909 vela
1502 1844 1699 1909 dedit.
1806 1843 2088 1909 Maxima
2132 1850 2347 1910 autem
2388 1845 2690 1911 frumenti
2740 1867 2848 1910 co-

286 1949 406 2032 pia·
465 1949 693 2033 Thyrae
752 1949 1015 2033 Reginae
1078 1950 1348 2014 consilio
1423 1951 1491 2014 in
1554 1950 1833 2015 Daniam
1899 1952 2235 2033 qvotannis
2315 1955 2650 2033 asportata
2714 1956 2847 2033 est,

291 2054 708 2138 omnibusqve
752 2057 935 2139 regni
974 2056 1221 2136 incoliS‚
1270 2056 1607 2122 deficiente
1635 2078 1909 2137 annona,
1956 2062 2245 2140 tempore
2269 2058 2626 2141 grassantis
2660 2055 2848 2122 famis

288 2159 415 2225 hoc
460 2159 653 2226 modo
700 2182 888 2244 qvam
932 2163 1172 2246 optime
1218 2161 1691 2228 consulebatur.

1390 2454 1580 2512 OAP.
1626 2456 1749 2514 IV.

670 2600 815 2667 Rex
860 2600 1119 2680 GormO,
1173 2600 1390 2665 audita
1429 2599 1692 2681 inopina
1730 2603 1928 2665 morte
1966 2599 2115 2681 filii,
2164 2601 2464 2681 exspirat.

1488 2721 1655 2731 ——.-

592 2789 898 2855 Gormoni
938 2788 1099 2871 Regi
1141 2788 1367 2855 Daniae
1413 2792 1539 2857 duo
1583 2790 1725 2869 filii,
1790 2789 2083 2854 Kanutus
2142 2790 2354 2873 (qvem
2396 2795 2588 2872 pater
2629 2790 2712 2855 ob
2755 2792 2850 2855 in-

288 2894 506 2976 signes
567 2896 832 2960 virtutes
895 2900 962 2960 et
1002 2914 1133 2959 non
1174 2896 1497 2978 vulgareS‚
1555 2896 1778 2980 qvibus
1824 2894 2207 2974 excellebat,
2281 2895 2466 2960 dotes
2508 2898 2852 2962 tenerrime

288 3000 535 3082 dilexit)
585 3005 651 3065 et
691 3001 1045 3080 HaralduS‚
1090 2999 1303 3084 Thyra
1354 3003 1490 3067 nati
1535 3009 1701 3066 sunt.
1788 3002 1902 3081 Hi,
1947 3006 2102 3083 toga
2143 3002 2305 3065 virili
2347 3007 2629 3085 sumpta,
2689 3004 2850 3068 mili-

285 3107 447 3171 tiam
467 3157 481 3186 ,
550 3108 837 3190 acceptis
899 3127 941 3171 a
995 3111 1183 3189 patre
1238 3127 1353 3172 sex
1405 3107 1821 3191 praesidiariis
1864 3106 2162 3188 navibuS,
2226 3109 2417 3172 variis
2465 3109 2531 3173 in
2572 3110 2845 3191 regioni-

283 3211 405 3278 bus
473 3233 711 3296 magna
756 3233 901 3277 cum
942 3212 1250 3277 felicitate
1297 3218 1747 3292 exercuerunt,
1812 3214 1908 3277 ita
1947 3217 2018 3277 ut
2058 3213 2235 3279 brevi
2278 3214 2587 3296 temporis
2634 3217 2845 3298 spatio

286 3322 355 3382 et
416 3338 554 3381 rem
620 3324 686 3381 et
745 3318 1013 3400 gloriam
1067 3319 1260 3383 armis
1304 3318 1458 3385 belli
1499 3320 1876 3403 reperirent.
1964 3318 2085 3383 ²In
2124 3319 2447 3384 Iberniam
2491 3340 2672 3384 arma
2711 3342 2850 3384 mo-

283 3428 508 3488 ventes
552 3423 871 3506 Dyflinum
911 3423 1138 3489 urbem
1182 3430 1657 3508 oppugnarunt,
1702 3425 1851 3489 inde
1896 3424 2216 3489 solventes
2261 3425 2329 3489 in
2368 3425 2580 3489 locum
2604 3475 2619 3505 ‚
2664 3445 2852 3507 qvem

285 3528 616 3594 Jelldunes
639 3530 666 3568 ⁸
728 3535 963 3593 vocant
1008 3530 1136 3612 (est
1179 3536 1396 3595 autem
1436 3531 1503 3594 in
1545 3530 1898 3613 aqvilonari
1959 3528 2300 3614 Hyberniae
2354 3531 2616 3613 regione
2662 3532 2848 3614 situs)

284 3634 766 3720 pretiosissimis
822 3635 1146 3700 thesauris
1213 3640 1278 3700 et
1343 3635 1606 3700 cimeliis
1653 3636 1869 3700 onusti
1944 3655 2205 3700 cursum
2245 3635 2378 3701 laeti
2418 3637 2849 3704 instituerunt.

285 3742 405 3807 Die
451 3741 744 3824 qvadam,
790 3740 944 3805 solis
991 3746 1154 3805 aestu
1194 3740 1507 3823 majorem
1533 3742 1602 3805 in
1620 3740 1885 3806 modum
1903 3741 2361 3822 incalescente,
2383 3741 2618 3807 fratres
2653 3742 2844 3808 ambo

284 3867 641 3931 magnaqve
684 3846 953 3912 militum
994 3866 1148 3929 pars
1191 3846 1458 3911 natandi
1499 3847 1713 3929 perita
1757 3867 1903 3912 sese
1949 3853 2403 3928 exercuerunt,
2446 3850 2611 3915 mari
2634 3854 2851 3914 autem

288 3954 463 4039 sylva
525 3953 908 4043 densissima
976 3953 1186 4017 vicina
1247 3950 1384 4017 fuit.
1492 3951 1614 4017 Hic
1658 3952 1953 4018 mirabile
1998 3958 2064 4018 et
2105 3954 2506 4037 inopinatum
2549 3952 2851 4037 qviddam

286 4065 547 4144 praeter
590 4059 871 4125 omnium
915 4058 1452 4124 existimationem
1486 4059 1752 4139 accidit3
1798 4057 2092 4124 omnibus
2136 4060 2307 4124 enim
2346 4065 2575 4125 natatu
2619 4059 2850 4126 defati-

287 4168 452 4250 gatis
515 4167 583 4229 in
635 4170 876 4229 terram
918 4184 989 4228 se
1031 4162 1486 4246 recipientibus
1501 4213 1516 4243 ‚
1578 4164 1753 4229 solus
1796 4163 2090 4229 Kanutus
2136 4166 2570 4248 spectantium
2623 4165 2847 4232 oculos

287 4273 479 4337 variis
521 4268 789 4334 natandi
829 4268 1038 4333 modis
1089 4268 1197 4333 diu
1241 4267 1604 4333 oblectavit.
1697 4268 1988 4334 Tandem
2030 4271 2269 4352 sagitta
2313 4290 2348 4335 e
2382 4271 2560 4355 sylva
2584 4272 2847 4338 evolare

287 4379 428 4442 visa
489 4381 590 4441 est
604 4426 618 4454 ,
660 4395 811 4457 -qva
866 4374 1176 4457 trajectus
1219 4373 1513 4438 Kanutus
1556 4374 1755 4438 vitam
1788 4374 2065 4440 maximo
2112 4395 2258 4440 cum
2301 4375 2581 4441 omnium
2624 4375 2847 4442 dolore

291 4489 357 4548 et
395 4481 694 4564 lacrymis
746 4481 816 4544 in
863 4480 1051 4545 undis
1097 4478 1434 4545 exhalavit.
1521 4479 1844 4545 Haraldus
1891 4484 2110 4545 autem
2126 4531 2142 4561 ,
2185 4482 2571 4565 interempto
2613 4481 2813 4549 fratre
2829 4532 2845 4563 ,

361 4622 382 4653 ¹
421 4620 577 4673 1778:
614 4633 923 4688 capescere.
1063 4621 1091 4652 ¹
1125 4617 1201 4674 cf.
1240 4617 1385 4674 Saxo
1420 4617 1516 4675 IX.
1550 4619 1667 4676 472.
1813 4622 1835 4655 ⁸
1871 4618 1947 4675 Cf.
1985 4618 2269 4678 Fortalen.
