3350 5234
1498 367 1575 429 17

1313 537 1502 593 GAP.
1550 538 1744 593 VIII.

306 682 433 762 Qvo
467 687 665 760 pacto
715 679 856 744 ozai
900 681 1186 762 Norvayi
1228 682 1486 746 consilio
1537 681 1783 746 Vallum
1823 680 2140 745 Danicum
2188 683 2554 760 superatum
2597 677 2698 740 sit.
2725 677 2745 714 ¹

561 845 722 910 Cum
771 845 1134 928 Haqvinum
1187 846 1508 913 Baronem
1559 849 1721 931 Regi
1762 838 2049 912 Haraldo
2106 847 2174 910 in
2218 844 2517 909 auxilium
2559 843 2810 906 venisse

257 951 501 1016 Caesari
569 950 792 1015 Ottoni
854 953 1263 1030 innotuisset,
1329 952 1808 1019 Brimisciarum
1874 958 1939 1017 et
1992 952 2470 1034 Urguthriotum
2521 947 2811 1011 Barones

256 1079 401 1121 cum
471 1055 815 1119 duodecim
879 1056 1292 1137 praesidiariis
1347 1060 1613 1123 navibus
1668 1062 1736 1123 in
1792 1059 2181 1140 Norvagiam
2234 1057 2433 1134 misit,
2491 1056 2595 1136 qvi
2640 1075 2808 1132 eam,

254 1162 548 1244 Haqvino
592 1163 660 1224 in
700 1161 912 1224 Dania
953 1162 1294 1242 militante,
1342 1163 1705 1230 Christiana
1746 1165 2052 1246 religione
2095 1163 2471 1226 imbuerent.
2497 1161 2529 1198 ²

562 1267 816 1330 Vallum
861 1272 1075 1330 autem
1118 1268 1436 1333 Danicum
1479 1273 1915 1353 conspiciens,
1960 1269 2147 1333 nullis
2183 1268 2250 1331 id
2283 1266 2626 1344 machiniS,
2674 1266 2813 1329 aliis

256 1372 838 1455 propugnantibuS‚
884 1375 1173 1453 superari
1215 1395 1411 1456 posse
1455 1397 1584 1439 non
1619 1376 1825 1440 dubiis
1861 1376 2056 1456 signis
2097 1372 2469 1454 colligebat,
2517 1372 2817 1453 qvocirca

258 1478 469 1542 classe
517 1499 894 1557 conscensa,
938 1479 1251 1561 proelium
1291 1481 1516 1545 navale
1554 1503 1700 1544 cum
1731 1482 1905 1562 Rege
1930 1479 2217 1543 Haraldo
2266 1478 2600 1555 commisit,
2647 1477 2815 1558 qvod

260 1606 441 1667 aeqva
504 1584 765 1648 fortuna
831 1584 910 1648 ab
970 1590 1235 1667 utraqve
1287 1592 1473 1668 parte
1529 1593 1780 1669 gestum
1830 1593 1947 1651 est.
2044 1584 2292 1649 Deinde
2347 1586 2412 1647 in
2455 1583 2816 1665 Haqvinum

256 1712 445 1755 versa
510 1691 740 1769 classe,
788 1711 934 1754 cum
991 1710 1068 1755 eo
1125 1691 1377 1755 diversa
1430 1698 1648 1757 tamen
1689 1693 1947 1758 fortuna
1992 1690 2301 1768 conflixit,
2357 1711 2509 1754 nam
2553 1690 2808 1754 amissis

258 1797 555 1879 pluribus
600 1795 922 1874 militibus,
966 1795 1132 1877 fugae
1180 1816 1324 1860 sese
1375 1798 1528 1862 dare
1576 1798 1944 1880 cogebatur.

567 1902 727 1965 Cum
789 1906 1008 1965 tamen
1073 1901 1158 1965 ad
1225 1910 1481 1984 portum
1532 1906 1808 1968 vicinum
1863 1924 2116 1967 cursum
2173 1902 2502 1983 dirigeret,
2549 1901 2815 1981 qvinqve

258 2026 454 2070 naves
499 2026 629 2069 non
670 2006 902 2069 infimae
946 2008 1399 2088 magnitudinis
1445 2010 1741 2075 offendit:
1798 2010 1914 2086 Qvi
1960 2030 2105 2072 cum
2146 2009 2600 2087 interrogaret,
2646 2006 2814 2087 qvis-

257 2132 409 2175 nam
469 2112 598 2175 dux
648 2112 904 2175 navium
959 2117 1162 2192 esset,
1216 2134 1452 2179 nomen
1507 2118 1565 2180 ei
1611 2115 1774 2178 Olao
1829 2115 2102 2197 (Danice
2152 2112 2290 2193 oze)
2344 2133 2488 2175 esse
2535 2111 2811 2193 accepit.

259 2217 419 2282 Cum
462 2219 710 2296 iterum,
768 2217 947 2300 cujus
990 2217 1315 2299 religionis
1362 2227 1563 2301 esset,
1611 2222 2034 2303 qvaesivisset,
2100 2217 2452 2299 respondet
2495 2216 2695 2281 Olaus
2743 2237 2815 2281 se

259 2323 583 2387 Christum
645 2322 949 2408 profiteri,
1021 2328 1088 2388 et
1150 2325 1216 2388 in
1282 2324 1609 2408 Hybernia
1651 2346 1840 2390 sacro
1884 2325 2275 2408 baptismate
2317 2323 2637 2386 initiatum
2670 2342 2816 2386 esse

255 2429 623 2513 respondit,
706 2429 887 2495 addit
952 2431 1148 2495 etiam
1225 2452 1407 2496 suam
1474 2453 1737 2515 operam
1792 2431 2033 2496 Caesari
2103 2429 2581 2512 paratissimam
2644 2426 2815 2505 fore,

258 2537 314 2600 si
366 2536 566 2600 modo
631 2557 786 2601 usus
842 2557 988 2601 eam
1033 2538 1287 2620 exigere
1331 2538 1670 2602 videretur.
1781 2538 1982 2617 Qvam
2028 2558 2171 2602 cum
2218 2535 2440 2601 Caesar
2483 2534 2694 2598 animo
2741 2533 2815 2597 li-

254 2642 634 2708 bentissimo
681 2643 1192 2726 amplecteretur,
1250 2642 1447 2708 Olaus
1495 2665 1642 2709 cum
1684 2646 1990 2710 trecentis
2034 2645 2182 2709 viris
2229 2642 2613 2709 Caesarianis
2659 2661 2815 2724 par-

255 2749 430 2816 tibus
478 2770 549 2814 se
597 2749 900 2832 adjunxit.
2400 2764 2406 2769 ·

562 2856 708 2920 Non
749 2857 940 2939 longo
984 2862 1135 2940 post
1176 2860 1484 2939 tempore,
1532 2856 1869 2922 deficiente
1917 2860 2296 2934 commeatu,
2344 2854 2559 2936 coepit
2601 2855 2666 2917 in
2707 2875 2824 2918 ca-

259 2965 408 3029 stris
474 2962 748 3027 Caesaris
811 2963 1015 3027 fames
1069 2962 1401 3046 pullulare.
1504 2963 1650 3027 Jam
1702 2965 1871 3027 enim
1929 2963 2224 3042 colonoe,
2281 2963 2381 3045 qvi
2423 2963 2492 3025 in
2533 2962 2767 3025 vicinia
2795 2962 2821 2999 ³

259 3075 475 3149 erant,
535 3068 826 3132 omnibus
884 3075 1193 3133 exuerant
1235 3067 1535 3150 fortunis,
1579 3091 1703 3133 nec
1762 3075 1921 3149 erat,
1974 3070 2143 3133 unde
2199 3070 2395 3132 victui
2448 3068 2823 3133 necessaria

261 3178 684 3259 acqvirerent.
785 3176 913 3239 Aut
953 3176 1167 3257 itaqve
1219 3181 1525 3258 suscepta
1569 3176 1889 3258 expeditio
1938 3176 2034 3258 (ut
2078 3174 2572 3258 sapientioribus
2616 3176 2821 3238 visum

259 3282 391 3366 est)
450 3281 866 3362 relinqvenda
926 3287 1094 3360 erat,
1156 3286 1268 3345 aut
1324 3282 1465 3363 eqvi
1521 3287 1633 3346 aut
1683 3283 1838 3346 muli
1893 3282 2198 3346 sedandae
2252 3281 2408 3346 fami
2453 3280 2822 3345 destinandi

260 3393 465 3469 erant,
512 3386 680 3469 qvod
721 3407 851 3451 non
896 3388 1189 3470 exiguam
1231 3388 1596 3453 molestiam
1640 3393 1707 3452 et
1751 3408 1938 3452 curas
1985 3386 2228 3452 Caesari
2273 3386 2566 3451 creabat.

564 3492 816 3558 Vocato
881 3494 1094 3577 itaqve
1161 3495 1248 3560 ad
1304 3514 1376 3559 se
1435 3492 1615 3574 Olao,
1681 3515 1820 3558 rem
1876 3495 1934 3558 ei
1991 3514 2244 3558 omnem
2289 3492 2576 3576 exponit,
2644 3496 2709 3556 et
2748 3497 2822 3557 ut

259 3598 415 3664 utile
464 3599 800 3664 consilium
854 3602 1200 3684 excogitet,
1262 3601 1492 3669 obnixe
1545 3606 1752 3683 rogat.
1843 3599 2042 3665 Olaus
2100 3618 2171 3663 se
2212 3597 2281 3663 id
2322 3596 2640 3663 facturum
2681 3598 2822 3682 pol-

259 3706 508 3786 licetur,
551 3705 677 3771 hac
720 3712 940 3774 tamen
979 3708 1140 3791 lege,
1186 3711 1241 3775 si
1281 3710 1456 3794 prius
1501 3727 1724 3773 omnes
1770 3708 1899 3773 suis
1946 3705 2227 3772 consiliis
2266 3704 2821 3789 obtemperaturos

265 3833 335 3878 se
392 3814 777 3897 reciperent.
867 3814 1125 3881 Caesare
1178 3837 1329 3881 vero
1394 3821 1459 3883 et
1498 3815 1758 3907 reliqyis
1804 3811 2254 3894 annuentibuS‚
2301 3811 2499 3877 Olaus
2542 3811 2713 3877 hunc
2755 3811 2823 3878 in

264 3919 527 3986 modum
588 3919 844 3986 locutus
906 3926 1033 3988 est:
1103 3921 1284 4003 Qvod
1335 3923 1402 3989 in
1445 3924 1586 3988 aliis
1628 3923 1824 3989 rebus
1870 3941 2185 3988 summum
2228 3925 2329 3986 est
2373 3925 2439 3987 et
2483 3919 2819 4001 optimum,

264 4026 331 4092 id
384 4026 490 4092 hic
549 4027 746 4092 etiam
799 4027 1073 4111 primum
1125 4035 1192 4095 et
1243 4030 1639 4114 praecipuum
1698 4031 1847 4111 erit,
1911 4028 2137 4095 divinae
2180 4028 2475 4092 nimirum
2520 4025 2660 4109 opis
2703 4025 2821 4091 im-

265 4130 576 4218 plorati03
620 4134 689 4198 in
730 4133 891 4213 Deo,
935 4133 1209 4218 inqvam,
1252 4136 1475 4217 Patre,
1487 4134 1646 4201 Filio
1694 4141 1760 4201 et
1782 4136 2019 4219 Spiritu
2043 4132 2282 4199 Sancto
2318 4152 2500 4215 spem
2532 4137 2825 4198 nostram

271 4246 450 4307 certa
500 4239 741 4305 fiducia
784 4240 1263 4307 collocabimus.
1353 4241 1479 4310 Sex
1538 4242 1770 4307 deinde
1829 4241 2074 4306 dierum
2110 4236 2372 4323 jejuniO,
2432 4239 2488 4303 si
2529 4237 2696 4304 forte
2743 4260 2824 4306 ea

344 4380 360 4414 ¹
395 4380 592 4436 Denne
639 4381 891 4450 Saetning
936 4380 1067 4433 med
1111 4378 1237 4435 hele
1282 4381 1378 4436 det
1421 4386 1595 4437 naeste
1638 4382 1912 4436 Punctum
1958 4397 2018 4436 er
2062 4381 2082 4435 i
2119 4383 2264 4436 1778.
2301 4379 2411 4434 ved
2443 4377 2822 4435 Afskriverfeil

409 4490 479 4526 en
516 4478 705 4527 eneste
741 4470 1097 4545 fortlubende
1133 4472 1447 4528 Overskrift.

342 4569 367 4602 ²
403 4563 802 4635 „imbuerunt“,
843 4564 990 4616 1778.

346 4660 368 4694 ⁸
400 4658 606 4728 vicina,
645 4657 792 4711 1778.
