3350 5234
1548 346 1632 411 43

315 511 604 577 mitabat.
712 510 1099 592 Imaginibus
1137 514 1351 574 autem
1391 508 1533 573 haec
1578 515 1720 574 erat
1753 511 1846 575 vis
1891 509 2171 590 addital,
2226 515 2314 589 ut,
2361 511 2414 574 si
2460 509 2709 593 qvando
2752 532 2854 575 re-

315 616 436 681 bus
504 615 801 680 secundis
859 614 1321 695 oblectabam,
1386 616 1697 697 imagines
1751 635 1870 697 per
1924 615 2147 679 lances
2201 615 2424 679 ludere
2468 614 2850 696 viderentur,

318 721 418 785 sin
480 740 629 784 vero
703 740 909 799 secuS,
985 740 1078 784 eae
1136 720 1414 784 immotae
1462 724 1794 785 steterunt.
1900 718 2083 783 Unde
2138 719 2388 783 Enarus
2444 719 2856 802 Skalaglam²

318 825 623 905 (lancium
666 824 997 907 strepitus)
1043 825 1250 889 dictus
1291 823 1426 905 fuit,
1492 826 1611 907 qvi,
1669 825 1798 888 hoc
1845 830 2117 906 accepto
2164 824 2353 902 don0,
2400 823 2485 888 ad
2527 826 2850 889 saniorem

316 933 597 992 mentem
639 930 821 993 redit.

621 1034 821 1098 Alteri
882 1033 1141 1098 Islando
1207 1032 1528 1098 Thorleifo
1594 1032 1834 1098 Skuma
1894 1053 2129 1098 nomen
2181 1031 2315 1113 fuit,
2359 1035 2414 1097 is
2461 1034 2656 1098 etiam
2700 1053 2853 1098 con-

319 1138 671 1202 dendorum
722 1138 1115 1221 rythmorum
1168 1143 1305 1203 arte
1362 1139 1570 1202 clarus
1624 1139 1817 1203 Erico
1860 1138 2099 1204 Baroni
2163 1137 2562 1218 adhaerebat3
2626 1140 2851 1203 tertius

316 1241 612 1324 Vigfusus
629 1245 673 1322 ³,
721 1248 977 1325 qvartus
1020 1263 1171 1307 vero
1216 1242 1591 1307 Theodorus
1632 1241 1768 1307 fuit.

1373 1613 1559 1673 OAP.
1605 1616 1790 1671 XIV.

382 1771 640 1836 Primus
682 1772 966 1853 Haqvmi
1007 1793 1143 1837 cwm
1185 1772 1825 1855 Jomsbwqensibus⁴
1872 1775 2211 1854 conflictu&
2250 1779 2309 1837 et
2350 1773 2426 1837 de
2466 1772 2745 1838 Aslacho
2766 1776 2795 1813 ⁶

1021 1878 1334 1943 mirabilia
1377 1885 1435 1943 et
1472 1879 1759 1946 inaudita
1802 1880 2135 1961 qvoedam.⁶

613 2089 770 2155 Post
831 2090 990 2168 haec,
1058 2091 1290 2154 erectis
1357 2091 1571 2171 signi8‚
1638 2093 1994 2155 accerrima
2045 2093 2238 2159 initur
2293 2112 2527 2174 pugna,
2582 2110 2847 2172 cumqve

317 2195 702 2277 aliqvamdiu
761 2217 942 2278 aeqva
984 2197 1272 2278 utrinqve
1326 2195 1583 2259 fortuna
1638 2202 1953 2262 certatum
1997 2202 2188 2275 esset,
2233 2217 2386 2279 pars
2427 2196 2847 2278 Haqviniana,

315 2323 452 2384 qvae
520 2323 665 2365 cum
726 2302 949 2366 Boone
1006 2301 1372 2379 dimicabat,
1436 2301 1744 2365 inclinare
1791 2303 2021 2384 coepit.
2110 2302 2290 2380 Qvod
2336 2300 2848 2365 animadvertens

312 2407 539 2471 Ericus
595 2407 785 2485 Baro,
856 2407 1083 2471 relicto
1138 2406 1381 2488 Vagno,
1445 2405 1734 2470 Boonem
1794 2407 2095 2486 adoritur,
2151 2427 2350 2489 eoqve
2395 2406 2849 2488 aliqvantulum

313 2511 591 2593 repulso,
659 2512 944 2576 ordinem
1003 2513 1070 2576 in
1122 2514 1458 2593 pristinum
1508 2511 1723 2575 locum
1775 2514 2069 2578 restituit.
2153 2512 2409 2576 Interea
2450 2512 2709 2593 Vagnus
2752 2511 2847 2574 in-

312 2618 487 2698 genti
546 2623 782 2682 conatu
833 2617 1005 2682 Erici
1060 2618 1273 2681 socios
1326 2618 1641 2699 impetens
1686 2619 1977 2683 maximis
2022 2638 2135 2682 eos
2181 2616 2470 2682 cladibus
2515 2614 2844 2680 affecerat.

310 2720 537 2785 Ericus
603 2724 797 2787 etiam
855 2743 1147 2786 reversus
1202 2723 1570 2804 gravissime
1616 2743 1656 2786 a
1697 2722 1922 2805 Vagno
1970 2722 2424 2805 excipiebatur.
2509 2720 2632 2785 Hic
2677 2722 2847 2785 enim

313 2845 459 2889 cum
499 2826 779 2892 Aslacho
826 2827 1100 2910 qvodam
1146 2826 1357 2906 Calvo,
1402 2829 1468 2891 in
1509 2827 1683 2891 Erici
1714 2848 1942 2893 navem
1983 2828 2347 2892 incursione
2379 2826 2573 2907 facta,
2623 2845 2845 2890 omnes

308 2929 543 3012 pedem
585 2932 944 3011 retroferre,
994 2933 1106 2995 illo
1153 2934 1237 2996 ad
1281 2932 1589 3011 dextrum,
1634 2933 1759 2997 hoc
1806 2932 1891 2997 ad
1934 2934 2255 2997 sinistrum
2283 2933 2461 2996 navis
2482 2931 2652 2995 latus
2683 2930 2842 2995 libe-

307 3054 449 3098 ram
489 3036 656 3099 viam
700 3034 819 3100 sibi
861 3044 1151 3119 parante,
1200 3040 1426 3120 coegit.
1512 3038 1740 3101 Ericus
1786 3042 2002 3102 autem
2045 3059 2191 3101 cum
2236 3038 2365 3101 suis
2400 3037 2572 3101 illico
2606 3041 2840 3113 actum,

308 3140 374 3203 ni
427 3139 639 3204 valida
691 3163 886 3206 manu
935 3144 1044 3206 isti
1098 3141 1222 3207 duo
1270 3142 1755 3225 depellerentur,
1802 3142 2315 3207 animadvertens
2360 3162 2512 3206 suos
2557 3139 2643 3204 ad
2681 3160 2841 3222 pug-

307 3264 459 3307 nam
528 3247 801 3327 graviter
860 3247 1258 3313 hortabatur.
1369 3248 1645 3325 Qvorum
1712 3249 1900 3330 aliqvi
1966 3269 2112 3313 cum
2176 3247 2456 3311 Aslacho
2513 3245 2843 3328 congressi

308 3368 475 3412 nunc
543 3353 753 3416 securi
814 3374 983 3417 nunc
1036 3356 1231 3419 vero⁷
1286 3353 1498 3436 gladio
1560 3353 1697 3435 ejus
1744 3359 1953 3435 caput,
2001 3373 2120 3435 qvo
2167 3352 2489 3416 denudato
2533 3351 2847 3433 proelium

306 3460 634 3540 ingressus
698 3457 924 3536 fuerat,
989 3458 1314 3540 petebant.
1423 3459 1676 3537 Verum,
1744 3458 1898 3521 licet
1955 3459 2083 3522 ista
2137 3458 2302 3522 totis
2343 3455 2579 3521 viribus
2649 3459 2847 3541 capiti

308 3565 446 3647 ejus
500 3563 665 3627 illisa
729 3567 915 3644 atqve
968 3565 1252 3645 impacta
1304 3563 1531 3642 forent,
1585 3563 1640 3626 is
1705 3567 1924 3626 tamen
1965 3562 2371 3627 nihilominus
2414 3562 2691 3628 vulneris
2735 3585 2843 3628 ex-

304 3689 456 3752 pers
503 3668 721 3733 evasit.
812 3667 1009 3744 Qvem
1049 3674 1122 3733 ut
1161 3670 1254 3732 ita
1295 3669 1551 3750 impune
1596 3673 2002 3749 grassantem
2041 3668 2341 3751 Vigfusus
2376 3668 2670 3735 Islandus
2708 3671 2842 3735 ani-

305 3773 749 3851 madverteret,
797 3778 1057 3855 arrepta
1096 3773 1328 3837 incude
1346 3776 1392 3852 ⁸,
1455 3759 1548 3837 ita
1602 3793 1749 3837 eum
1791 3772 2127 3853 dedolavit‚
2172 3778 2245 3839 ut
2285 3773 2460 3838 foros
2482 3775 2510 3813 ⁹
2576 3774 2840 3839 cerebro

305 3900 422 3944 suo
465 3877 779 3944 Aslachus
825 3879 1341 3944 commacularet.
1427 3878 1686 3961 Vagnus
1738 3897 1889 3943 vero
1934 3899 1975 3942 a
2016 3878 2338 3943 Thorleifo
2385 3879 2633 3944 clava¹⁰
2685 3900 2835 3961 per-

307 4004 533 4050 cussus
582 3982 689 4062 ⁸,ad
751 4002 902 4047 suos
959 3983 1305 4066 repellitur,
1365 3983 1465 4066 qvi
1519 3987 1738 4047 tamen
1802 3984 1996 4065 paulo
2052 3989 2203 4066 post
2248 3984 2519 4049 alteram
2560 3985 2624 4049 in
2665 3984 2841 4049 Erici

303 4109 532 4155 navem
577 4106 812 4168 magna
852 4087 1162 4171 Norvagis
1211 4089 1445 4154 damna
1486 4088 1767 4154 inferens
1810 4089 2243 4154 incursionem
2290 4088 2460 4154 fecit.

378 4261 397 4294 ²
437 4262 595 4315 1778:
631 4259 852 4314 additae.
991 4263 1018 4294 ⁸
1052 4262 1144 4315 59:
1182 4260 1604 4330 Skaulaglamm.
1752 4264 1774 4295 ⁸
1814 4263 1970 4317 1778:
1998 4261 2109 4332 vig
2140 4262 2329 4316 Fusus,

374 4352 399 4384 ⁴
440 4351 592 4405 1778:
628 4350 664 4404 J
667 4349 1168 4419 onisburgensibus.
1310 4356 1332 4386 ⁵
1366 4353 1433 4406 59
1471 4352 1684 4406 overalt
1720 4352 2017 4407 “Aslakus“
2057 4355 2164 4407 etc.

373 4442 397 4475 θ
435 4443 568 4495 1778
601 4440 810 4499 tilfaier
842 4440 972 4493 med
1006 4457 1211 4494 samme
1246 4440 1446 4494 Haand
1478 4457 1606 4494 men
1642 4458 1835 4496 sonere
1870 4443 2051 4496 Blaek:
2091 4442 2322 4496 creditu.

374 4533 399 4564 ⁷
431 4529 451 4583 i
490 4533 622 4585 1778
654 4530 860 4589 tilfaiet
892 4547 1087 4585 sonere
1120 4529 1250 4584 med
1285 4546 1492 4583 samme
1526 4531 1753 4599 Haand;
1790 4534 1856 4587 59
1890 4532 2020 4602 mgl.

375 4623 400 4654 ⁰
437 4623 594 4676 1778:
628 4621 846 4678 induce.
991 4625 1016 4656 ⁹
1049 4621 1239 4690 Begge
1273 4621 1475 4679 ΑΜΕ-,ι
1514 4621 1681 4687 fores.
1827 4624 1875 4657 ¹⁰
1911 4625 2073 4678 1778:
2111 4622 2287 4680 clav0.
