3350 5234
1756 352 1842 418 32

511 524 693 606 ginta
742 520 1072 605 repulsam
1122 518 1303 601 passi
1346 524 1513 583 sunt.
1602 517 1940 602 Sigvaldus
1983 536 2137 582 vero
2180 522 2251 581 et
2289 517 2698 584 Thorchillus
2741 539 2890 584 cum
2932 519 3092 585 reli-

514 630 650 710 qvis
696 625 1155 711 qvinqvaginta
1195 625 1427 688 civium
1469 622 1621 689 albo
1662 622 2202 690 inscribebantur.

1636 873 1828 931 cu.
1876 872 1966 928 V.

1176 1018 1283 1085 De
1326 1017 1774 1085 &naharazdo
1797 1020 1817 1057 ⁸
1864 1022 1925 1081 et
1960 1017 2119 1100 filiis
2175 1017 2401 1083 Veseti.

812 1232 1090 1297 Vesetus
1153 1230 1388 1312 injuria
1453 1251 1495 1295 a
1556 1228 1705 1294 filiis
1770 1227 2202 1295 Str-atharaldi
2256 1228 2380 1295 sibi
2430 1228 2615 1294 illata
2653 1226 2969 1310 majorem
3009 1227 3081 1290 in

511 1336 773 1401 modum
828 1335 1113 1401 offensus
1155 1335 1403 1420 Regem
1445 1335 1805 1401 Svenonem
1850 1337 2005 1417 adit,
2071 1338 2254 1419 eiqve
2296 1341 2604 1416 tanqvam
2643 1333 2930 1416 legitimo
2968 1333 3079 1415 ju-

510 1442 639 1507 dici
702 1443 828 1506 vim
894 1443 1141 1507 factam
1198 1444 1494 1524 qveritur.
1616 1440 1735 1507 Cui
1795 1465 1912 1509 rex
1966 1463 2152 1507 suam
2206 1461 2474 1524 operam
2513 1440 2859 1522 pollicitus,
2904 1459 3076 1503 anne

509 1547 994 1613 Str-atheraldus
1064 1548 1369 1613 damnum
1430 1554 1797 1614 resarturus
1858 1555 2052 1628 esset,
2097 1568 2170 1613 se
2214 1547 2555 1630 diligenter
2595 1545 3078 1628 exploraturum

505 1655 771 1737 recepit.
859 1653 1111 1718 Deinde
1152 1655 1405 1718 nunciis
1450 1655 1536 1720 ad
1578 1653 2101 1721 Strutharaldum
2139 1654 2376 1734 missis,
2425 1653 2629 1734 iisqve
2681 1651 2876 1735 paulo
2919 1656 3077 1733 post

505 1761 800 1840 reversis,
861 1760 933 1825 id
996 1760 1254 1843 accepit
1314 1763 1632 1844 responsi,
1697 1760 2214 1827 Strutharaldum
2271 1780 2420 1824 eam
2468 1757 2755 1822 nondum
2808 1761 3075 1821 nactum

509 1885 657 1932 esse
699 1867 1062 1949 pecuniam,
1107 1885 1232 1947 qva
1274 1865 1579 1932 damnum
1619 1874 1760 1933 tam
1799 1868 2221 1934 leviusculum
2254 1867 2805 1948 recompensaret.
2867 1861 3071 1926 Porro

508 1971 784 2036 Vesetus
852 1993 999 2036 cum
1052 1971 1210 2036 nihil
1259 1971 1416 2037 boni
1470 1971 1553 2037 ab
1598 1972 2052 2039 Stratum-aldo
2097 1972 2223 2038 sibi
2264 1970 2739 2055 expectandum
2781 1988 2929 2033 esse
2972 1969 3071 2032 in-

505 2077 843 2159 telligeret,
911 2079 1142 2142 itinere
1206 2078 1469 2143 domum
1519 2079 1699 2144 facto
1755 2082 2355 2161 communicatoqve
2400 2097 2547 2141 cum
2586 2074 2736 2139 filiis
2779 2074 3070 2153 consilio,

507 2188 779 2264 qvatuor
840 2185 1095 2265 navigia
1153 2185 1345 2268 longe
1410 2186 1696 2250 maxima
1735 2192 1946 2269 parat,
1992 2184 2472 2266 distributisqve
2512 2184 2581 2246 in
2623 2181 2877 2264 singula
2918 2181 3074 2244 viris

508 2290 974 2371 qvinqvaginta,
1020 2287 1391 2354 Selandiam
1432 2310 1656 2355 versus
1702 2312 1964 2356 cursum
2005 2291 2237 2372 dirigit,
2283 2289 2698 2373 spoliatisqve
2729 2289 2797 2350 in
2818 2287 3070 2351 univer-

506 2414 650 2457 sum
710 2394 918 2458 tribus
983 2392 1415 2459 Str-atharaldi
1476 2396 1757 2478 praediis,
1824 2398 2085 2462 domum
2136 2397 2494 2460 revertitur.
2582 2390 3068 2458 Str-atheraldus

505 2507 723 2564 autem
785 2501 1035 2583 majora
1096 2500 1247 2564 hinc
1300 2501 1474 2565 mala
1517 2502 2032 2588 suppullulaimra
2071 2503 2310 2566 veritus
2351 2502 2555 2582 iisqve
2600 2498 3068 2564 occurrendum

501 2612 682 2670 ratus
731 2606 1004 2669 nuncios
1050 2605 1137 2670 ad
1176 2605 1421 2687 Regem
1442 2607 1803 2673 Svenonem
1843 2609 2036 2688 misit,
2085 2609 2189 2690 qvi
2228 2606 2454 2672 turbas
2500 2611 2677 2670 ortas
2709 2625 2830 2687 per
2846 2624 3067 2686 regem

502 2711 721 2776 sedari
784 2715 850 2774 et
917 2713 1218 2793 componi
1277 2719 1592 2794 peterent.
1704 2715 1944 2793 Qvibus
1996 2714 2104 2779 ille
2147 2713 2501 2796 respondit,
2546 2710 3064 2776 Strutharaldum

499 2818 777 2901 propriis
828 2838 1095 2883 usurum
1147 2818 1452 2900 consiliis,
1507 2821 1761 2902 qvando
1816 2841 1939 2885 sua
2003 2826 2311 2902 tanqvam
2350 2818 2502 2883 vilia
2544 2824 2611 2882 et
2650 2817 2883 2881 nullius
2925 2836 3064 2880 mo-

500 2926 702 2988 menti
760 2925 938 3007 prius
1003 2931 1387 3008 aspernatus
1431 2925 1678 2990 fuisset.
1787 2926 2292 3006 Str-utharalduS,
2357 2925 2459 2990 his
2518 2924 2771 3003 auditis,
2829 2923 3059 2988 decem

500 3050 697 3094 naves
762 3031 977 3093 itineri
1036 3029 1333 3112 parabat,
1397 3033 1599 3114 iisqve
1662 3033 1733 3096 in
1785 3032 2271 3097 Bornholmiam
2312 3032 2624 3115 trajectiS,
2668 3029 2892 3095 Veseti
2932 3030 3062 3093 tria

498 3136 778 3199 vicissim
818 3135 1068 3217 praedia
1110 3136 1424 3218 spoliavit
1492 3138 1675 3215 Qvod
1719 3139 1805 3203 ad
1824 3139 2133 3203 Vesetum
2176 3140 2423 3217 attinet,
2466 3139 2523 3202 is
2556 3137 2777 3221 pacis2
2814 3134 3063 3200 studio-

502 3242 811 3321 sissimus,
880 3263 1028 3305 cum
1088 3263 1227 3306 rem
1296 3243 1382 3307 ad
1446 3250 1676 3326 aperta
1740 3266 1938 3325 arma,
1992 3247 2061 3309 ni
2110 3246 2180 3310 in
2219 3251 2513 3329 tempore
2559 3247 3059 3322 succurreretur,

500 3347 733 3414 deduci
776 3352 1088 3428 cerneret,
1130 3348 1308 3432 Rege
1339 3349 1631 3415 Svenone
1679 3357 2013 3432 convento,
2059 3356 2131 3416 ut
2173 3372 2359 3415 suam
2402 3351 2819 3415 autoritatem
2860 3350 3057 3414 inter-

493 3460 768 3538 poneret
831 3453 1353 3537 subditorumqve
1419 3457 1611 3521 saluti
1677 3458 2063 3537 consuleret,
2130 3456 2403 3542 supplex
2442 3454 2727 3540 petebat.
2859 3455 3058 3537 quve

492 3581 610 3624 rex
652 3580 723 3624 se
766 3560 1087 3625 facturum
1126 3562 1451 3644 pollicitus
1498 3568 1615 3643 est,
1661 3568 1728 3628 et
1771 3570 2091 3628 conventu
2131 3565 2200 3628 in
2238 3564 2425 3628 Isora
2467 3562 2556 3627 ad
2606 3568 2855 3627 certum
2887 3560 3060 3625 diem

489 3666 753 3746 indicto,
810 3666 902 3730 ibi
956 3667 1471 3732 Strutharaldum
1514 3689 1660 3733 cum
1704 3670 1943 3734 Veseto
1989 3689 2369 3753 comparare
2405 3669 2618 3753 jussit.
2720 3667 2837 3746 Qvi
2880 3666 3055 3732 dicto

495 3771 850 3853 audientes,
893 3771 1000 3837 hic
1018 3774 1045 3811 ³
1085 3772 1310 3853 tribus,
1374 3774 1481 3839 ille
1522 3776 1744 3857 viginti
1784 3777 2055 3841 navibus
2095 3778 2164 3841 in
2205 3782 2464 3860 portum
2504 3774 2872 3840 Isorensem
2938 3793 3053 3857 ap·

490 3879 806 3962 pulerunt.
913 3879 1000 3943 At
1040 3898 1172 3943 non
1211 3879 1413 3944 multo
1456 3886 1624 3964 post,
1671 3901 1861 3964 qvam
1901 3882 2183 3948 tentoria
2222 3881 2533 3961 fixissent,
2582 3880 2812 3946 decem
2853 3898 3052 3943 naves

489 3984 558 4048 in
601 3984 876 4049 eundem
915 3990 1173 4068 portum
1213 3986 1481 4069 provehi
1522 3989 2027 4072 conspiciebant,
2073 4009 2335 4073 qvarum
2360 3988 2663 4053 ductores
2683 3986 2871 4052 Boo*
2912 3984 3052 4069 Sig-

488 4089 848 4174 vardusqve
891 4089 1093 4157 fuere.
1160 4092 1216 4157 Ii
1255 4099 1408 4176 post
1448 4093 1720 4160 Haraldi
1762 4095 2123 4162 discessum
2168 4096 2581 4176 advenerant,
2628 4093 2889 4178 ejusqve
2934 4092 3051 4157 do-

489 4217 664 4262 mum
738 4198 989 4263 scriniis
1059 4197 1327 4282 duobus,
1406 4221 1671 4285 qvorum
1747 4204 1998 4288 singula
2068 4204 2286 4269 mille⁶
2362 4202 2502 4268 auri
2572 4201 2717 4286 puri
2788 4218 3050 4265 marcas

492 4303 926 4386 continebant,
991 4306 1276 4374 vestibus
1340 4307 1606 4392 insuper
1666 4311 1886 4393 viginti
1947 4313 2185 4377 marcis
2251 4311 2586 4376 aestimatis
2653 4305 3047 4390 cuculloqve‚

487 4411 593 4495 qvi
637 4410 865 4477 decem
919 4413 1059 4479 auri
1116 4414 1355 4480 marcis
1399 4421 1663 4483 ornatus
1709 4422 1868 4500 erat,
1911 4418 2287 4502 spoliarunt.
2380 4417 2482 4501 Hi,
2526 4417 2670 4483 acie
2709 4416 3047 4497 instructa,

563 4584 581 4620 ¹
625 4588 784 4642 1778:
829 4585 1272 4646 Strut-Haraldo.
1413 4593 1440 4626 ⁸
1477 4560 1634 4648 17378:
1669 4592 1883 4663 paucis.

560 4684 584 4723 Β
622 4682 779 4740 1778:
815 4680 918 4740 his.
1057 4687 1085 4720 ⁴
1120 4685 1281 4741 1778:
1317 4682 1417 4740 Bo.
1559 4688 1583 4721 ⁶
1621 4685 1782 4742 1778:
1827 4680 1984 4741 mini.
