3350 5234
1511 334 1594 399 29

263 525 382 569 rex
445 501 688 569 faciem
749 502 981 568 rubore
1047 501 1362 586 majorem
1422 503 1491 567 in
1541 501 1806 567 modum
1850 498 2131 566 suffusus
2177 498 2459 564 omnium
2504 498 2726 564 oculos
2771 498 2839 564 in

265 632 338 676 se
386 615 817 677 converteret.

574 715 888 781 Arnodo¹
949 721 1167 780 autem
1230 716 1485 780 cuidam
1529 716 1748 799 juveni
1790 735 2030 781 nomen
2072 719 2230 794 erat,
2295 713 2444 778 huic
2488 712 2828 777 Fiolnerus

264 824 578 904 sagittam
623 821 942 905 qvandam
984 821 1185 886 tradit
1225 822 1561 901 mandans,
1605 827 1698 898 ut,
1766 841 1847 885 ea
1892 822 2339 903 circumgesta,
2396 840 2562 883 anne
2609 819 2837 902 aliqvis

267 949 416 992 eam
462 934 838 1009 cognoscat,
891 929 1263 1010 interroget.
1349 927 1643 992 Minister
1688 927 1861 991 dicto
1910 925 2175 990 audiens
2219 927 2387 990 inter
2432 925 2592 989 alios
2641 926 2840 989 etiam

262 1034 724 1099 Palmatokoni
773 1034 1064 1118 jaculum
1109 1032 1314 1114 offert,
1373 1034 1474 1116 qvi
1519 1053 1705 1097 suum
1750 1053 1894 1096 esse
1942 1033 2243 1096 continuo
2291 1033 2568 1113 agnovit.
2678 1032 2838 1095 Tum

263 1140 447 1205 facto
495 1140 770 1219 silentiO,
813 1140 952 1204 Rex
996 1139 1203 1206 Sveno
1248 1139 1486 1204 talibus
1521 1128 2056 1204 Palmatokonem
2091 1138 2458 1221 alloqvitur:
2507 1136 2836 1216 Qvorsum,

264 1248 491 1330 inqvit,
535 1245 694 1310 illud
738 1250 1091 1310 extremum
1136 1248 1492 1332 ejaculatus
1540 1246 1654 1310 es‘?
1702 1244 1819 1309 Cui
1859 1245 1996 1308 ille:
2041 1244 2125 1324 id,
2172 1245 2237 1308 ni
2278 1244 2483 1323 fallor,
2528 1244 2595 1307 in
2640 1242 2837 1307 corde

265 1354 477 1436 patris
546 1353 656 1431 tui,
722 1351 916 1434 Regis
961 1352 1247 1433 Haraldi,
1315 1353 1442 1417 fixi.
1550 1352 1713 1415 Tum
1765 1370 1897 1430 reX,
1961 1355 2034 1438 ut
2078 1351 2176 1414 sui
2222 1350 2525 1414 continuo
2572 1353 2838 1430 surgant

270 1464 338 1524 et
406 1456 943 1523 Palmatokonem
1008 1480 1044 1523 e
1086 1461 1354 1543 vestigio
1399 1459 1742 1541 trucident,
1806 1457 2057 1538 magnis
2103 1457 2379 1538 imperat
2426 1453 2833 1519 clamoribus.

268 1566 378 1630 Fit
437 1566 668 1647 ingens
723 1584 1094 1644 concursuS,
1159 1567 1375 1649 visqve
1425 1566 1562 1648 jam
1612 1568 1896 1648 paratur·
1982 1562 2239 1627 Interea
2281 1561 2656 1627 Palmatoko
2702 1560 2837 1644 gla-

269 1672 451 1737 dium
496 1671 814 1752 stringens
858 1671 1226 1737 Fiolnerum
1267 1678 1566 1756 patruum
1613 1691 1800 1735 suum
1840 1674 2023 1733 recta
2067 1689 2137 1734 se
2169 1675 2500 1753 petentem
2533 1667 2834 1733 umbilico

269 1784 464 1844 tenus
534 1777 748 1860 gladio
805 1777 1051 1858 diffidit,
1104 1778 1245 1843 haec
1293 1778 1570 1843 addens:
1656 1776 1806 1841 Jam
1846 1775 2111 1840 tandem
2152 1775 2374 1842 licebit
2414 1777 2584 1841 viros
2626 1774 2835 1840 bonos

267 1885 570 1968 impune2
614 1882 787 1967 apud
829 1890 1167 1966 magnates
1213 1885 1483 1951 deferre.
1552 1885 1830 1948 Tantum
1873 1888 2090 1953 autem
2132 1883 2369 1948 favoris
2404 1882 2579 1964 apud
2613 1902 2834 1946 omnes

271 1992 523 2057 aulicos
579 1990 702 2056 sibi
757 1990 1214 2056 conciliaverat
1271 1990 1670 2070 Palmatoko,
1711 1996 1785 2055 ut
1828 2010 1974 2055 eum
2019 2011 2164 2054 cum
2210 1987 2548 2054 comitibus
2593 1989 2837 2052 salvum

271 2104 339 2163 et
381 2097 774 2162 incolumem
833 2117 912 2161 ex
966 2097 1115 2162 aula
1169 2119 1502 2180 erumpere
1549 2099 1851 2162 sinerent.
1939 2096 2025 2161 Hi
2065 2115 2216 2160 vero
2264 2090 2350 2160 ad
2390 2115 2587 2160 naves
2635 2097 2833 2161 citato

272 2225 467 2269 cursu
531 2202 873 2268 tendentes
952 2224 1148 2269 naves
1233 2204 1675 2270 conscendunt
1752 2209 1818 2268 et
1878 2203 2073 2266 remis
2139 2202 2561 2282 validissime,
2597 2202 2834 2267 donec

271 2310 492 2376 hostili
533 2315 712 2376 metu
754 2310 1012 2394 penitus
1059 2313 1340 2396 exempti
1385 2316 1623 2391 essent,
1666 2309 2062 2376 incumbunt.

1386 2535 1577 2593 cAP.
1623 2536 1714 2593 Π.

500 2716 509 2721 ·
631 2681 998 2748 Pabmatoko
1028 2682 1367 2792 propincia
1412 2685 1678 2763 qvadam
1718 2683 1787 2763 in
1842 2680 2153 2746 Vandalia
2197 2680 2486 2746 donabar.

577 2846 763 2914 Anno
810 2853 1043 2929 autem,
1087 2854 1432 2931 postqvam
1476 2869 1556 2913 ex
1599 2848 1813 2913 Dania
1854 2848 1920 2911 in
1962 2846 2406 2913 Bretlandiam
2448 2844 2832 2911 Palmatoko

268 2952 572 3035 redierat,
627 2958 878 3034 exacto,
924 2954 1061 3037 ejus
1104 2975 1268 3020 uxor
1311 2953 1494 3020 Oliva
1537 2954 1784 3020 diutina
1828 2953 2200 3036 aegritudine
2247 2950 2491 3017 afflicta
2533 2952 2830 3017 humanis

273 3058 469 3124 rebus
506 3061 818 3125 eximitur.
879 3060 1073 3143 Cujus
1090 3063 1116 3106 ⁸·
1161 3060 1371 3126 obitus
1405 3066 1655 3126 tantum
1675 3060 2125 3126 Palmatokoni
2157 3060 2394 3125 doloris
2432 3066 2497 3125 et
2518 3060 2832 3126 maestitiae

275 3166 545 3248 peperit,
608 3171 681 3230 ut
747 3187 891 3231 eum
942 3166 1332 3233 Bretlandiae
1386 3169 1610 3250 ingens
1649 3167 1787 3251 jam
1829 3168 2091 3233 taedium
2137 3171 2431 3249 caperet3
2477 3165 2647 3248 qvod
2690 3187 2836 3230 oum

278 3271 343 3336 in
401 3262 588 3337 dies²¹
641 3271 891 3355 majora
943 3280 1225 3339 sumeret
1277 3276 1695 3355 incrementa,
1751 3275 2061 3339 confectis
2105 3274 2368 3356 triginta
2408 3271 2675 3337 navibus
2717 3272 2835 3335 mi-

278 3377 618 3461 litibusqve
671 3377 1059 3458 lectissimiS,
1114 3381 1455 3462 piraticam
1511 3401 1814 3446 exercere
1868 3381 2157 3458 instituit,
2206 3384 2271 3444 et
2311 3380 2377 3442 in
2422 3377 2659 3456 Scotia,
2704 3377 2833 3461 Hy-

279 3483 504 3549 bernia
571 3490 635 3548 et
697 3485 1219 3551 meridionalibus
1283 3487 1506 3551 insulis
1570 3488 1750 3551 varia
1811 3467 1985 3551 bella
2035 3485 2364 3568 prosperis
2423 3482 2832 3549 successibus

281 3590 495 3672 gessit.
604 3591 939 3656 Postremo
1002 3593 1070 3656 in
1132 3592 1535 3672 Vandaliam,
1602 3613 1749 3657 eam
1814 3593 2103 3657 similiter
2158 3591 2351 3657 armis
2395 3589 2833 3671 infestaturuS,

282 3696 706 3783 qvadraginta
746 3697 1015 3763 navibus
1060 3699 1436 3763 transmisit.
1703 3710 1716 3719 '‘

582 3803 1007 3869 ⁶Vandaliam
1048 3805 1116 3868 id
1157 3805 1467 3887 temporis
1511 3804 1650 3869 Rex
1691 3803 2113 3870 Burisleifus⁶
2156 3803 2673 3872 administrabat.
2750 3803 2833 3883 Is,

282 3911 540 3995 cognita
581 3909 1062 3975 Palmatokonis
1105 3912 1335 3977 virtute
1383 3916 1447 3976 et
1481 3912 1547 3975 in
1577 3910 1764 3976 bellis
1799 3911 2093 3994 gerendis
2117 3910 2442 3989 felicitate,
2468 3929 2653 3974 suam
2677 3910 2835 3974 ami-

283 4019 513 4097 citiam,
580 4017 636 4082 si
681 4015 763 4081 ab
811 4017 1003 4081 armis
1050 4022 1460 4102 temperaret,
1524 4018 2043 4102 provinciamqve
2086 4018 2235 4083 Jom
2260 4019 2288 4058 ⁷
2331 4016 2728 4081 nominatam
2774 4017 2834 4082 ei

282 4123 520 4205 obtulit,
568 4144 706 4206 qvae
754 4124 969 4190 omnia
1011 4124 1391 4193 Palmatoko
1439 4126 1651 4189 animo
1696 4123 2155 4206 benignissimo
2202 4123 2478 4205 accepit.

346 4264 362 4295 ¹
401 4265 494 4317 59:
536 4262 822 4317 ArnoddO.
969 4265 995 4295 ²
1027 4263 1283 4318 Saaledes
1318 4264 1503 4333 begge
1538 4261 1724 4320 Afskr.
1764 4262 1913 4317 uden
1947 4261 2512 4333 Naegtelsespartikel.

346 4356 368 4388 ⁸
408 4355 562 4408 1778:
602 4354 878 4421 eximitur,
917 4353 1086 4422 cujus.
1226 4358 1252 4389 4
1290 4356 1437 4409 1778:
1473 4353 1669 4407 indies.
1815 4357 1837 4388 ⁶
1876 4357 2034 4409 1⁷78:
2071 4355 2174 4409 har
2205 4354 2336 4407 ikke
2370 4352 2692 4407 Liniebrud.

347 4447 369 4478 ⁶
406 4447 563 4499 1778:
599 4443 932 4497 Brunleifus.
1350 4500 1353 4503 Α

344 4537 368 4568 ⁷
402 4537 559 4589 1778:
609 4534 804 4603 „Joni“
852 4535 1089 4604 ligesom
1126 4535 1604 4606 „Jonisburgum“‚
1661 4519 2207 4605 „Jonisburgenses“,
2259 4551 2333 4604 og
2383 4534 2568 4603 endog
2617 4535 2830 4604 „Jonis-

396 4625 694 4694 wikingar“
749 4625 914 4679 indtil
968 4625 1113 4678 Sect.
1162 4624 1254 4679 IV.
1309 4642 1354 4679 o.
1391 4626 1506 4696 XL,
1552 4625 1840 4683 hvorefter
1884 4625 2190 4682 Formerne
2235 4625 2364 4682 med
2414 4608 2631 4696 ‚,Jom“·
2668 4625 2831 4680 efter-

391 4715 651 4771 haanden
685 4714 1108 4785 gjennemfareS.
