<?xml version="1.0" encoding="UTF-8"?>
<!DOCTYPE html PUBLIC "-//W3C//DTD XHTML 1.0 Transitional//EN"
    "http://www.w3.org/TR/xhtml1/DTD/xhtml1-transitional.dtd">
<html xmlns="http://www.w3.org/1999/xhtml" xml:lang="en" lang="en">
 <head>
  <title>
</title>
<meta http-equiv="Content-Type" content="text/html;charset=utf-8" />
  <meta name='ocr-system' content='tesseract 3.04.00' />
  <meta name='ocr-capabilities' content='ocr_page ocr_carea ocr_par ocr_line ocrx_word'/>
</head>
<body>
  <div class='ocr_page' id='page_1' title='image "./jmsvkingasagail00gjesgoog_0054.png"; bbox 0 0 3350 5234; ppageno 0'>
   <div class='ocr_carea' id='block_1_1' title="bbox 1761 342 1846 407">
    <p class='ocr_par' dir='ltr' id='par_1_1' title="bbox 1761 342 1846 407">
     <span class='ocr_line' id='line_1_1' title="bbox 1761 342 1846 407; baseline 0 0"><span class='ocrx_word' id='word_1_1' title='bbox 1761 342 1846 407; x_wconf 77' lang='lat'><strong>28</strong></span> 
     </span>
    </p>
   </div>
   <div class='ocr_carea' id='block_1_2' title="bbox 504 510 3084 3475">
    <p class='ocr_par' dir='ltr' id='par_1_2' title="bbox 513 510 3084 789">
     <span class='ocr_line' id='line_1_2' title="bbox 513 510 3079 593; baseline 0.002 -20"><span class='ocrx_word' id='word_1_2' title='bbox 513 510 623 593; x_wconf 85' lang='lat' dir='ltr'><strong>jus</strong></span> <span class='ocrx_word' id='word_1_3' title='bbox 688 511 1077 574; x_wconf 84' lang='lat' dir='ltr'><strong>sententiam</strong></span> <span class='ocrx_word' id='word_1_4' title='bbox 1130 528 1357 573; x_wconf 86' lang='lat' dir='ltr'><strong>omnes</strong></span> <span class='ocrx_word' id='word_1_5' title='bbox 1422 511 1631 574; x_wconf 87' lang='lat' dir='ltr'><strong>secuti</strong></span> <span class='ocrx_word' id='word_1_6' title='bbox 1695 511 1850 574; x_wconf 85' lang='lat' dir='ltr'><strong>totis</strong></span> <span class='ocrx_word' id='word_1_7' title='bbox 1913 511 2126 573; x_wconf 85' lang='lat' dir='ltr'><strong>nervis</strong></span> <span class='ocrx_word' id='word_1_8' title='bbox 2183 512 2380 575; x_wconf 83' lang='lat' dir='ltr'><strong>remis</strong></span> <span class='ocrx_word' id='word_1_9' title='bbox 2421 511 2816 591; x_wconf 87' lang='lat' dir='ltr'><strong>incumbunt,</strong></span> <span class='ocrx_word' id='word_1_10' title='bbox 2859 518 2930 577; x_wconf 93' lang='lat' dir='ltr'><strong>et</strong></span> <span class='ocrx_word' id='word_1_11' title='bbox 2967 514 3079 593; x_wconf 85' lang='lat' dir='ltr'><strong>ita,</strong></span> 
     </span>
     <span class='ocr_line' id='line_1_3' title="bbox 518 614 3084 703; baseline 0.001 -21"><span class='ocrx_word' id='word_1_12' title='bbox 518 617 725 682; x_wconf 84' lang='lat' dir='ltr'><strong>tribus</strong></span> <span class='ocrx_word' id='word_1_13' title='bbox 768 615 1041 681; x_wconf 88' lang='lat' dir='ltr'><strong>Haraldi</strong></span> <span class='ocrx_word' id='word_1_14' title='bbox 1080 615 1351 680; x_wconf 87' lang='lat' dir='ltr'><strong>navibus</strong></span> <span class='ocrx_word' id='word_1_15' title='bbox 1396 614 1768 695; x_wconf 74' lang='lat' dir='ltr'>submersis,</span> <span class='ocrx_word' id='word_1_16' title='bbox 1825 618 1946 682; x_wconf 87' lang='lat' dir='ltr'><strong>toti</strong></span> <span class='ocrx_word' id='word_1_17' title='bbox 1989 616 2298 682; x_wconf 73' lang='lat' dir='ltr'><strong>Svenonis</strong></span> <span class='ocrx_word' id='word_1_18' title='bbox 2343 617 2540 683; x_wconf 86' lang='lat' dir='ltr'><strong>classi</strong></span> <span class='ocrx_word' id='word_1_19' title='bbox 2577 618 2850 683; x_wconf 86' lang='lat' dir='ltr'><strong>liberam</strong></span> <span class='ocrx_word' id='word_1_20' title='bbox 2891 641 3084 703; x_wconf 85' lang='lat' dir='ltr'><strong>para-</strong></span> 
     </span>
     <span class='ocr_line' id='line_1_4' title="bbox 516 722 909 789; baseline -0.003 -1"><span class='ocrx_word' id='word_1_21' title='bbox 516 722 681 789; x_wconf 85' lang='lat' dir='ltr'><strong>bant</strong></span> <span class='ocrx_word' id='word_1_22' title='bbox 720 725 909 788; x_wconf 75' lang='lat' dir='ltr'><strong>viam.</strong></span> 
     </span>
    </p>

    <p class='ocr_par' dir='ltr' id='par_1_3' title="bbox 504 828 3084 3475">
     <span class='ocr_line' id='line_1_5' title="bbox 824 828 3082 913; baseline 0.001 -19"><span class='ocrx_word' id='word_1_23' title='bbox 824 829 977 894; x_wconf 89' lang='lat' dir='ltr'><strong>Sole</strong></span> <span class='ocrx_word' id='word_1_24' title='bbox 1030 848 1185 892; x_wconf 85' lang='lat' dir='ltr'><strong>vero</strong></span> <span class='ocrx_word' id='word_1_25' title='bbox 1238 828 1441 892; x_wconf 85' lang='lat' dir='ltr'><strong>radiis</strong></span> <span class='ocrx_word' id='word_1_26' title='bbox 1493 828 1718 893; x_wconf 87' lang='lat' dir='ltr'><strong>orbem</strong></span> <span class='ocrx_word' id='word_1_27' title='bbox 1737 832 1756 868; x_wconf 86' lang='lat'><strong>¹</strong></span> <span class='ocrx_word' id='word_1_28' title='bbox 1823 831 2204 909; x_wconf 84' lang='lat' dir='ltr'><strong>illustrante,</strong></span> <span class='ocrx_word' id='word_1_29' title='bbox 2251 853 2400 896; x_wconf 90' lang='lat' dir='ltr'><strong>cum</strong></span> <span class='ocrx_word' id='word_1_30' title='bbox 2439 830 2686 913; x_wconf 82' lang='lat' dir='ltr'><strong>Regem</strong></span> <span class='ocrx_word' id='word_1_31' title='bbox 2725 830 3082 896; x_wconf 86' lang='lat' dir='ltr'><strong>Haraldum</strong></span> 
     </span>
     <span class='ocr_line' id='line_1_6' title="bbox 520 933 3081 1019; baseline 0.001 -20"><span class='ocrx_word' id='word_1_32' title='bbox 520 956 603 999; x_wconf 89' lang='lat' dir='ltr'><strong>ea</strong></span> <span class='ocrx_word' id='word_1_33' title='bbox 642 940 839 999; x_wconf 89' lang='lat' dir='ltr'><strong>nocte</strong></span> <span class='ocrx_word' id='word_1_34' title='bbox 883 936 1055 1000; x_wconf 89' lang='lat' dir='ltr'><strong>diem</strong></span> <span class='ocrx_word' id='word_1_35' title='bbox 1098 956 1285 999; x_wconf 87' lang='lat' dir='ltr'><strong>suum</strong></span> <span class='ocrx_word' id='word_1_36' title='bbox 1327 933 1569 999; x_wconf 86' lang='lat' dir='ltr'><strong>obiisse</strong></span> <span class='ocrx_word' id='word_1_37' title='bbox 1614 944 1922 1001; x_wconf 76' lang='lat' dir='ltr'><strong>constans</strong></span> <span class='ocrx_word' id='word_1_38' title='bbox 1965 958 2184 1001; x_wconf 91' lang='lat' dir='ltr'><strong>rumor</strong></span> <span class='ocrx_word' id='word_1_39' title='bbox 2213 944 2408 1015; x_wconf 87' lang='lat' dir='ltr'><strong>esset,</strong></span> <span class='ocrx_word' id='word_1_40' title='bbox 2450 938 2630 1019; x_wconf 83' lang='lat' dir='ltr'><strong>isqve</strong></span> <span class='ocrx_word' id='word_1_41' title='bbox 2665 936 2752 1000; x_wconf 85' lang='lat' dir='ltr'><strong>ad</strong></span> <span class='ocrx_word' id='word_1_42' title='bbox 2775 936 3081 1002; x_wconf 86' lang='lat' dir='ltr'><strong>Svenonis</strong></span> 
     </span>
     <span class='ocr_line' id='line_1_7' title="bbox 523 1041 3083 1126; baseline 0.001 -20"><span class='ocrx_word' id='word_1_43' title='bbox 523 1061 717 1106; x_wconf 86' lang='lat' dir='ltr'><strong>aures</strong></span> <span class='ocrx_word' id='word_1_44' title='bbox 780 1044 1200 1124; x_wconf 83' lang='lat' dir='ltr'><strong>pervenisset,</strong></span> <span class='ocrx_word' id='word_1_45' title='bbox 1266 1041 1537 1105; x_wconf 89' lang='lat' dir='ltr'><strong>duarum</strong></span> <span class='ocrx_word' id='word_1_46' title='bbox 1582 1042 2024 1108; x_wconf 86' lang='lat' dir='ltr'><strong>conditionum</strong></span> <span class='ocrx_word' id='word_1_47' title='bbox 2066 1043 2506 1126; x_wconf 85' lang='lat' dir='ltr'><strong>eligendarum</strong></span> <span class='ocrx_word' id='word_1_48' title='bbox 2547 1048 2942 1125; x_wconf 83' lang='lat' dir='ltr'><strong>potestatem</strong></span> <span class='ocrx_word' id='word_1_49' title='bbox 2981 1065 3083 1108; x_wconf 91' lang='lat' dir='ltr'><strong>re-</strong></span> 
     </span>
     <span class='ocr_line' id='line_1_8' title="bbox 518 1147 3083 1231; baseline 0 -18"><span class='ocrx_word' id='word_1_50' title='bbox 518 1149 639 1231; x_wconf 84' lang='lat' dir='ltr'><strong>giis</strong></span> <span class='ocrx_word' id='word_1_51' title='bbox 706 1148 1013 1213; x_wconf 80' lang='lat' dir='ltr'><strong>militibus</strong></span> <span class='ocrx_word' id='word_1_52' title='bbox 1076 1147 1461 1213; x_wconf 84' lang='lat' dir='ltr'><strong>Palmatoko</strong></span> <span class='ocrx_word' id='word_1_53' title='bbox 1524 1147 1700 1226; x_wconf 68' lang='lat' dir='ltr'><strong>fecit,</strong></span> <span class='ocrx_word' id='word_1_54' title='bbox 1763 1156 1838 1212; x_wconf 90' lang='lat' dir='ltr'><strong>ut</strong></span> <span class='ocrx_word' id='word_1_55' title='bbox 1900 1157 2012 1214; x_wconf 82' lang='lat' dir='ltr'><strong>aut</strong></span> <span class='ocrx_word' id='word_1_56' title='bbox 2073 1150 2247 1214; x_wconf 88' lang='lat' dir='ltr'><strong>ferro</strong></span> <span class='ocrx_word' id='word_1_57' title='bbox 2299 1171 2408 1214; x_wconf 87' lang='lat' dir='ltr'><strong>res</strong></span> <span class='ocrx_word' id='word_1_58' title='bbox 2451 1150 2926 1228; x_wconf 75' lang='lat' dir='ltr'><strong>decerneretur,</strong></span> <span class='ocrx_word' id='word_1_59' title='bbox 2973 1155 3083 1214; x_wconf 88' lang='lat' dir='ltr'><strong>aut</strong></span> 
     </span>
     <span class='ocr_line' id='line_1_9' title="bbox 519 1253 3084 1338; baseline 0.001 -20"><span class='ocrx_word' id='word_1_60' title='bbox 519 1254 796 1319; x_wconf 76' lang='lat' dir='ltr'><strong>Svenoni</strong></span> <span class='ocrx_word' id='word_1_61' title='bbox 860 1256 1152 1319; x_wconf 85' lang='lat' dir='ltr'><strong>volentes</strong></span> <span class='ocrx_word' id='word_1_62' title='bbox 1218 1275 1367 1318; x_wconf 90' lang='lat' dir='ltr'><strong>sese</strong></span> <span class='ocrx_word' id='word_1_63' title='bbox 1432 1253 1750 1319; x_wconf 79' lang='lat' dir='ltr'><strong>dederent</strong></span> <span class='ocrx_word' id='word_1_64' title='bbox 1815 1256 1998 1338; x_wconf 88' lang='lat' dir='ltr'><strong>eiqve</strong></span> <span class='ocrx_word' id='word_1_65' title='bbox 2060 1256 2430 1338; x_wconf 73' lang='lat' dir='ltr'><strong>homagium</strong></span> <span class='ocrx_word' id='word_1_66' title='bbox 2493 1262 2900 1338; x_wconf 65' lang='lat' dir='ltr'><strong>praestarent.</strong></span> <span class='ocrx_word' id='word_1_67' title='bbox 2983 1256 3084 1320; x_wconf 89' lang='lat' dir='ltr'><strong>Illi</strong></span> 
     </span>
     <span class='ocr_line' id='line_1_10' title="bbox 518 1361 3084 1445; baseline 0 -20"><span class='ocrx_word' id='word_1_68' title='bbox 518 1381 673 1425; x_wconf 86' lang='lat' dir='ltr'><strong>vero</strong></span> <span class='ocrx_word' id='word_1_69' title='bbox 740 1361 1029 1425; x_wconf 83' lang='lat' dir='ltr'><strong>crudelia</strong></span> <span class='ocrx_word' id='word_1_70' title='bbox 1092 1363 1273 1425; x_wconf 86' lang='lat' dir='ltr'><strong>exosi</strong></span> <span class='ocrx_word' id='word_1_71' title='bbox 1337 1381 1521 1424; x_wconf 89' lang='lat' dir='ltr'><strong>arma</strong></span> <span class='ocrx_word' id='word_1_72' title='bbox 1581 1363 2012 1443; x_wconf 79' lang='lat' dir='ltr'><strong>posteriorem</strong></span> <span class='ocrx_word' id='word_1_73' title='bbox 2077 1362 2328 1445; x_wconf 88' lang='lat' dir='ltr'><strong>cupidis</strong></span> <span class='ocrx_word' id='word_1_74' title='bbox 2373 1363 2603 1425; x_wconf 86' lang='lat' dir='ltr'><strong>animis</strong></span> <span class='ocrx_word' id='word_1_75' title='bbox 2647 1361 3084 1426; x_wconf 89' lang='lat' dir='ltr'><strong>conditionem</strong></span> 
     </span>
     <span class='ocr_line' id='line_1_11' title="bbox 518 1466 3083 1551; baseline -0 -19"><span class='ocrx_word' id='word_1_76' title='bbox 518 1466 1081 1550; x_wconf 74' lang='lat' dir='ltr'><strong>amplectebantur</strong></span> <span class='ocrx_word' id='word_1_77' title='bbox 1144 1466 1577 1549; x_wconf 82' lang='lat' dir='ltr'><strong>Svenonisqve</strong></span> <span class='ocrx_word' id='word_1_78' title='bbox 1628 1469 1902 1551; x_wconf 89' lang='lat' dir='ltr'><strong>imperio</strong></span> <span class='ocrx_word' id='word_1_79' title='bbox 1957 1490 2029 1534; x_wconf 90' lang='lat' dir='ltr'><strong>se</strong></span> <span class='ocrx_word' id='word_1_80' title='bbox 2081 1469 2360 1534; x_wconf 83' lang='lat' dir='ltr'><strong>libenter</strong></span> <span class='ocrx_word' id='word_1_81' title='bbox 2399 1467 2850 1532; x_wconf 84' lang='lat' dir='ltr'><strong>submiserunt.</strong></span> <span class='ocrx_word' id='word_1_82' title='bbox 2938 1468 3083 1546; x_wconf 80' lang='lat' dir='ltr'><strong>Qvi-</strong></span> 
     </span>
     <span class='ocr_line' id='line_1_12' title="bbox 512 1572 3079 1658; baseline 0 -20"><span class='ocrx_word' id='word_1_83' title='bbox 512 1574 637 1638; x_wconf 90' lang='lat' dir='ltr'><strong>bus</strong></span> <span class='ocrx_word' id='word_1_84' title='bbox 680 1575 900 1656; x_wconf 79' lang='lat' dir='ltr'><strong>gestie,</strong></span> <span class='ocrx_word' id='word_1_85' title='bbox 944 1572 1173 1652; x_wconf 88' lang='lat' dir='ltr'><strong>Sveno,</strong></span> <span class='ocrx_word' id='word_1_86' title='bbox 1216 1579 1359 1637; x_wconf 85' lang='lat' dir='ltr'><strong>tota</strong></span> <span class='ocrx_word' id='word_1_87' title='bbox 1405 1574 1619 1639; x_wconf 90' lang='lat' dir='ltr'><strong>Dania</strong></span> <span class='ocrx_word' id='word_1_88' title='bbox 1658 1582 2026 1658; x_wconf 83' lang='lat' dir='ltr'><strong>peragrata,</strong></span> <span class='ocrx_word' id='word_1_89' title='bbox 2061 1577 2144 1641; x_wconf 87' lang='lat' dir='ltr'><strong>ab</strong></span> <span class='ocrx_word' id='word_1_90' title='bbox 2179 1578 2461 1640; x_wconf 90' lang='lat' dir='ltr'><strong>omnium</strong></span> <span class='ocrx_word' id='word_1_91' title='bbox 2491 1575 2788 1639; x_wconf 85' lang='lat' dir='ltr'><strong>ordinum</strong></span> <span class='ocrx_word' id='word_1_92' title='bbox 2806 1574 3079 1639; x_wconf 86' lang='lat' dir='ltr'><strong>homini-</strong></span> 
     </span>
     <span class='ocr_line' id='line_1_13' title="bbox 516 1680 3083 1767; baseline -0.001 -19"><span class='ocrx_word' id='word_1_93' title='bbox 516 1682 643 1748; x_wconf 88' lang='lat' dir='ltr'><strong>bus</strong></span> <span class='ocrx_word' id='word_1_94' title='bbox 684 1680 1169 1746; x_wconf 85' lang='lat' dir='ltr'><strong>Palmatokonis</strong></span> <span class='ocrx_word' id='word_1_95' title='bbox 1215 1701 1417 1765; x_wconf 88' lang='lat' dir='ltr'><strong>opera</strong></span> <span class='ocrx_word' id='word_1_96' title='bbox 1468 1703 1586 1746; x_wconf 85' lang='lat' dir='ltr'><strong>rex</strong></span> <span class='ocrx_word' id='word_1_97' title='bbox 1628 1684 1898 1767; x_wconf 86' lang='lat' dir='ltr'><strong>eligitur.</strong></span> <span class='ocrx_word' id='word_1_98' title='bbox 2007 1685 2040 1723; x_wconf 81' lang='lat'>²</span> <span class='ocrx_word' id='word_1_99' title='bbox 2061 1683 2222 1749; x_wconf 78' lang='lat' dir='ltr'><strong>cnm</strong></span> <span class='ocrx_word' id='word_1_100' title='bbox 2263 1703 2416 1747; x_wconf 89' lang='lat' dir='ltr'><strong>vero</strong></span> <span class='ocrx_word' id='word_1_101' title='bbox 2461 1682 2545 1747; x_wconf 84' lang='lat' dir='ltr'><strong>ab</strong></span> <span class='ocrx_word' id='word_1_102' title='bbox 2590 1681 2770 1746; x_wconf 85' lang='lat' dir='ltr'><strong>obitu</strong></span> <span class='ocrx_word' id='word_1_103' title='bbox 2809 1681 3083 1746; x_wconf 81' lang='lat' dir='ltr'><strong>Haraldi</strong></span> 
     </span>
     <span class='ocr_line' id='line_1_14' title="bbox 516 1789 3080 1875; baseline -0.002 -16"><span class='ocrx_word' id='word_1_104' title='bbox 516 1793 712 1875; x_wconf 88' lang='lat' dir='ltr'><strong>Regis</strong></span> <span class='ocrx_word' id='word_1_105' title='bbox 758 1789 1219 1872; x_wconf 83' lang='lat' dir='ltr'><strong>aliqvantulum</strong></span> <span class='ocrx_word' id='word_1_106' title='bbox 1270 1792 1583 1872; x_wconf 88' lang='lat' dir='ltr'><strong>temporis</strong></span> <span class='ocrx_word' id='word_1_107' title='bbox 1624 1791 2126 1869; x_wconf 75' lang='lat' dir='ltr'><strong>intercessisset,</strong></span> <span class='ocrx_word' id='word_1_108' title='bbox 2162 1792 2342 1874; x_wconf 88' lang='lat' dir='ltr'><strong>justa</strong></span> <span class='ocrx_word' id='word_1_109' title='bbox 2382 1796 2656 1875; x_wconf 89' lang='lat' dir='ltr'><strong>paterno</strong></span> <span class='ocrx_word' id='word_1_110' title='bbox 2697 1790 2905 1855; x_wconf 88' lang='lat' dir='ltr'><strong>funeri</strong></span> <span class='ocrx_word' id='word_1_111' title='bbox 2944 1791 3080 1855; x_wconf 84' lang='lat' dir='ltr'><strong>fac-</strong></span> 
     </span>
     <span class='ocr_line' id='line_1_15' title="bbox 512 1896 3082 1982; baseline -0.001 -17"><span class='ocrx_word' id='word_1_112' title='bbox 512 1906 696 1965; x_wconf 89' lang='lat' dir='ltr'><strong>turus</strong></span> <span class='ocrx_word' id='word_1_113' title='bbox 762 1898 973 1963; x_wconf 92' lang='lat' dir='ltr'><strong>Sveno</strong></span> <span class='ocrx_word' id='word_1_114' title='bbox 1038 1898 1394 1961; x_wconf 90' lang='lat' dir='ltr'><strong>convivium</strong></span> <span class='ocrx_word' id='word_1_115' title='bbox 1445 1896 1877 1980; x_wconf 77' lang='lat' dir='ltr'><strong>magnificum,</strong></span> <span class='ocrx_word' id='word_1_116' title='bbox 1920 1897 2386 1962; x_wconf 82' lang='lat' dir='ltr'><strong>Palmatokone</strong></span> <span class='ocrx_word' id='word_1_117' title='bbox 2430 1898 2695 1980; x_wconf 85' lang='lat' dir='ltr'><strong>aliisqve</strong></span> <span class='ocrx_word' id='word_1_118' title='bbox 2739 1898 3082 1982; x_wconf 90' lang='lat' dir='ltr'><strong>compluri-</strong></span> 
     </span>
     <span class='ocr_line' id='line_1_16' title="bbox 511 2003 3080 2088; baseline -0 -16"><span class='ocrx_word' id='word_1_119' title='bbox 511 2006 639 2072; x_wconf 88' lang='lat' dir='ltr'><strong>bus</strong></span> <span class='ocrx_word' id='word_1_120' title='bbox 679 2005 983 2082; x_wconf 81' lang='lat' dir='ltr'><strong>invitatis,</strong></span> <span class='ocrx_word' id='word_1_121' title='bbox 1024 2005 1344 2069; x_wconf 79' lang='lat' dir='ltr'><strong>instruxit.</strong></span> <span class='ocrx_word' id='word_1_122' title='bbox 1430 2003 1535 2069; x_wconf 82' lang='lat' dir='ltr'><strong>Ad</strong></span> <span class='ocrx_word' id='word_1_123' title='bbox 1578 2005 1748 2088; x_wconf 83' lang='lat' dir='ltr'><strong>qvod</strong></span> <span class='ocrx_word' id='word_1_124' title='bbox 1793 2025 1940 2069; x_wconf 90' lang='lat' dir='ltr'><strong>cum</strong></span> <span class='ocrx_word' id='word_1_125' title='bbox 1979 2004 2381 2083; x_wconf 84' lang='lat' dir='ltr'><strong>Palmatoko,</strong></span> <span class='ocrx_word' id='word_1_126' title='bbox 2426 2006 2549 2088; x_wconf 85' lang='lat' dir='ltr'><strong>qvi,</strong></span> <span class='ocrx_word' id='word_1_127' title='bbox 2591 2004 2930 2071; x_wconf 88' lang='lat' dir='ltr'><strong>Stemnero</strong></span> <span class='ocrx_word' id='word_1_128' title='bbox 2974 2026 3080 2071; x_wconf 91' lang='lat' dir='ltr'><strong>so-</strong></span> 
     </span>
     <span class='ocr_line' id='line_1_17' title="bbox 516 2110 3080 2196; baseline -0.001 -17"><span class='ocrx_word' id='word_1_129' title='bbox 516 2134 670 2179; x_wconf 89' lang='lat' dir='ltr'><strong>cero</strong></span> <span class='ocrx_word' id='word_1_130' title='bbox 715 2132 835 2176; x_wconf 90' lang='lat' dir='ltr'><strong>suo</strong></span> <span class='ocrx_word' id='word_1_131' title='bbox 876 2116 1151 2191; x_wconf 87' lang='lat' dir='ltr'><strong>mortuo,</strong></span> <span class='ocrx_word' id='word_1_132' title='bbox 1193 2112 1263 2176; x_wconf 90' lang='lat' dir='ltr'><strong>in</strong></span> <span class='ocrx_word' id='word_1_133' title='bbox 1302 2110 1747 2177; x_wconf 86' lang='lat' dir='ltr'><strong>Bretlandiam</strong></span> <span class='ocrx_word' id='word_1_134' title='bbox 1788 2113 2157 2196; x_wconf 87' lang='lat' dir='ltr'><strong>trajecerat,</strong></span> <span class='ocrx_word' id='word_1_135' title='bbox 2200 2133 2418 2176; x_wconf 91' lang='lat' dir='ltr'><strong>rerum</strong></span> <span class='ocrx_word' id='word_1_136' title='bbox 2441 2115 2511 2178; x_wconf 89' lang='lat' dir='ltr'><strong>in</strong></span> <span class='ocrx_word' id='word_1_137' title='bbox 2541 2113 2770 2178; x_wconf 84' lang='lat' dir='ltr'><strong>Fionia</strong></span> <span class='ocrx_word' id='word_1_138' title='bbox 2797 2111 2928 2178; x_wconf 86' lang='lat' dir='ltr'><strong>filio</strong></span> <span class='ocrx_word' id='word_1_139' title='bbox 2962 2133 3080 2177; x_wconf 91' lang='lat' dir='ltr'><strong>suo</strong></span> 
     </span>
     <span class='ocr_line' id='line_1_18' title="bbox 511 2217 3080 2304; baseline -0.001 -18"><span class='ocrx_word' id='word_1_140' title='bbox 511 2220 781 2286; x_wconf 84' lang='lat' dir='ltr'><strong>Achone</strong></span> <span class='ocrx_word' id='word_1_141' title='bbox 846 2217 1369 2284; x_wconf 78' lang='lat' dir='ltr'><strong>administratore</strong></span> <span class='ocrx_word' id='word_1_142' title='bbox 1430 2218 1679 2299; x_wconf 87' lang='lat' dir='ltr'><strong>relicto,</strong></span> <span class='ocrx_word' id='word_1_143' title='bbox 1750 2240 1883 2284; x_wconf 90' lang='lat' dir='ltr'><strong>non</strong></span> <span class='ocrx_word' id='word_1_144' title='bbox 1923 2220 2186 2299; x_wconf 89' lang='lat' dir='ltr'><strong>veniret,</strong></span> <span class='ocrx_word' id='word_1_145' title='bbox 2253 2220 2609 2285; x_wconf 86' lang='lat' dir='ltr'><strong>convivium</strong></span> <span class='ocrx_word' id='word_1_146' title='bbox 2648 2220 3080 2304; x_wconf 88' lang='lat' dir='ltr'><strong>interceptum</strong></span> 
     </span>
     <span class='ocr_line' id='line_1_19' title="bbox 513 2325 3082 2406; baseline -0.001 -13"><span class='ocrx_word' id='word_1_147' title='bbox 513 2332 635 2395; x_wconf 91' lang='lat' dir='ltr'><strong>est.</strong></span> <span class='ocrx_word' id='word_1_148' title='bbox 720 2326 991 2392; x_wconf 90' lang='lat' dir='ltr'><strong>Duobus</strong></span> <span class='ocrx_word' id='word_1_149' title='bbox 1033 2346 1187 2391; x_wconf 92' lang='lat' dir='ltr'><strong>vero</strong></span> <span class='ocrx_word' id='word_1_150' title='bbox 1231 2326 1418 2390; x_wconf 88' lang='lat' dir='ltr'><strong>annis</strong></span> <span class='ocrx_word' id='word_1_151' title='bbox 1462 2326 1730 2406; x_wconf 77' lang='lat' dir='ltr'><strong>exactis,</strong></span> <span class='ocrx_word' id='word_1_152' title='bbox 1775 2346 1926 2390; x_wconf 93' lang='lat' dir='ltr'><strong>cum</strong></span> <span class='ocrx_word' id='word_1_153' title='bbox 1968 2326 2324 2392; x_wconf 89' lang='lat' dir='ltr'><strong>convivium</strong></span> <span class='ocrx_word' id='word_1_154' title='bbox 2362 2327 2630 2392; x_wconf 89' lang='lat' dir='ltr'><strong>ulterius</strong></span> <span class='ocrx_word' id='word_1_155' title='bbox 2674 2325 2918 2392; x_wconf 84' lang='lat' dir='ltr'><strong>differri</strong></span> <span class='ocrx_word' id='word_1_156' title='bbox 2948 2347 3082 2391; x_wconf 91' lang='lat' dir='ltr'><strong>non</strong></span> 
     </span>
     <span class='ocr_line' id='line_1_20' title="bbox 512 2430 3080 2520; baseline -0 -20"><span class='ocrx_word' id='word_1_157' title='bbox 512 2440 744 2520; x_wconf 89' lang='lat' dir='ltr'><strong>posset</strong></span> <span class='ocrx_word' id='word_1_158' title='bbox 783 2431 1127 2518; x_wconf 86' lang='lat' dir='ltr'><strong>(siqvidem</strong></span> <span class='ocrx_word' id='word_1_159' title='bbox 1167 2432 1313 2516; x_wconf 87' lang='lat' dir='ltr'><strong>lege</strong></span> <span class='ocrx_word' id='word_1_160' title='bbox 1355 2430 1689 2497; x_wconf 87' lang='lat' dir='ltr'><strong>Danorum</strong></span> <span class='ocrx_word' id='word_1_161' title='bbox 1724 2433 1870 2516; x_wconf 84' lang='lat' dir='ltr'><strong>jure</strong></span> <span class='ocrx_word' id='word_1_162' title='bbox 1910 2454 2181 2516; x_wconf 89' lang='lat' dir='ltr'><strong>regnum</strong></span> <span class='ocrx_word' id='word_1_163' title='bbox 2228 2439 2572 2518; x_wconf 85' lang='lat' dir='ltr'><strong>paternum</strong></span> <span class='ocrx_word' id='word_1_164' title='bbox 2603 2453 2927 2517; x_wconf 88' lang='lat' dir='ltr'><strong>occupare</strong></span> <span class='ocrx_word' id='word_1_165' title='bbox 2949 2453 3080 2499; x_wconf 89' lang='lat' dir='ltr'><strong>non</strong></span> 
     </span>
     <span class='ocr_line' id='line_1_21' title="bbox 511 2538 3075 2625; baseline -0.001 -18"><span class='ocrx_word' id='word_1_166' title='bbox 511 2541 724 2625; x_wconf 86' lang='lat' dir='ltr'><strong>potuit</strong></span> <span class='ocrx_word' id='word_1_167' title='bbox 777 2539 1008 2620; x_wconf 86' lang='lat' dir='ltr'><strong>Sven0,</strong></span> <span class='ocrx_word' id='word_1_168' title='bbox 1066 2540 1192 2604; x_wconf 88' lang='lat' dir='ltr'><strong>nisi</strong></span> <span class='ocrx_word' id='word_1_169' title='bbox 1245 2543 1399 2604; x_wconf 90' lang='lat' dir='ltr'><strong>ante</strong></span> <span class='ocrx_word' id='word_1_170' title='bbox 1450 2538 1797 2603; x_wconf 77' lang='lat' dir='ltr'><strong>triennium</strong></span> <span class='ocrx_word' id='word_1_171' title='bbox 1848 2539 2144 2624; x_wconf 84' lang='lat' dir='ltr'><strong>elapsum</strong></span> <span class='ocrx_word' id='word_1_172' title='bbox 2177 2541 2360 2624; x_wconf 79' lang='lat' dir='ltr'><strong>justa</strong></span> <span class='ocrx_word' id='word_1_173' title='bbox 2399 2541 2571 2624; x_wconf 85' lang='lat' dir='ltr'><strong>patri</strong></span> <span class='ocrx_word' id='word_1_174' title='bbox 2613 2538 2943 2621; x_wconf 81' lang='lat' dir='ltr'><strong>solvisset)</strong></span> <span class='ocrx_word' id='word_1_175' title='bbox 2983 2539 3075 2605; x_wconf 91' lang='lat' dir='ltr'><strong>le-</strong></span> 
     </span>
     <span class='ocr_line' id='line_1_22' title="bbox 512 2644 3075 2731; baseline -0.001 -18"><span class='ocrx_word' id='word_1_176' title='bbox 512 2653 704 2731; x_wconf 84' lang='lat' dir='ltr'><strong>gatos</strong></span> <span class='ocrx_word' id='word_1_177' title='bbox 766 2648 836 2711; x_wconf 88' lang='lat' dir='ltr'><strong>in</strong></span> <span class='ocrx_word' id='word_1_178' title='bbox 897 2644 1361 2724; x_wconf 86' lang='lat' dir='ltr'><strong>Bretlandiam,</strong></span> <span class='ocrx_word' id='word_1_179' title='bbox 1432 2647 1535 2728; x_wconf 91' lang='lat' dir='ltr'><strong>qvi</strong></span> <span class='ocrx_word' id='word_1_180' title='bbox 1576 2646 2113 2713; x_wconf 83' lang='lat' dir='ltr'><strong>Palmatokonem</strong></span> <span class='ocrx_word' id='word_1_181' title='bbox 2153 2648 2516 2725; x_wconf 78' lang='lat' dir='ltr'><strong>invitarent,</strong></span> <span class='ocrx_word' id='word_1_182' title='bbox 2557 2646 2751 2710; x_wconf 90' lang='lat' dir='ltr'><strong>misit.</strong></span> <span class='ocrx_word' id='word_1_183' title='bbox 2839 2645 3075 2725; x_wconf 85' lang='lat' dir='ltr'><strong>Qvibus</strong></span> 
     </span>
     <span class='ocr_line' id='line_1_23' title="bbox 509 2750 3078 2832; baseline -0.001 -12"><span class='ocrx_word' id='word_1_184' title='bbox 509 2751 929 2820; x_wconf 85' lang='lat' dir='ltr'><strong>redeuntibus</strong></span> <span class='ocrx_word' id='word_1_185' title='bbox 974 2756 1042 2817; x_wconf 93' lang='lat' dir='ltr'><strong>et</strong></span> <span class='ocrx_word' id='word_1_186' title='bbox 1081 2750 1617 2817; x_wconf 84' lang='lat' dir='ltr'><strong>Palmatokonem</strong></span> <span class='ocrx_word' id='word_1_187' title='bbox 1661 2758 1843 2818; x_wconf 89' lang='lat' dir='ltr'><strong>certo</strong></span> <span class='ocrx_word' id='word_1_188' title='bbox 1876 2760 2213 2819; x_wconf 87' lang='lat' dir='ltr'><strong>venturum</strong></span> <span class='ocrx_word' id='word_1_189' title='bbox 2240 2751 2690 2832; x_wconf 86' lang='lat' dir='ltr'><strong>referentibus,</strong></span> <span class='ocrx_word' id='word_1_190' title='bbox 2724 2754 3078 2818; x_wconf 87' lang='lat' dir='ltr'><strong>convivium</strong></span> 
     </span>
     <span class='ocr_line' id='line_1_24' title="bbox 507 2856 3074 2944; baseline 0 -20"><span class='ocrx_word' id='word_1_191' title='bbox 507 2859 939 2925; x_wconf 84' lang='lat' dir='ltr'><strong>lautissimum</strong></span> <span class='ocrx_word' id='word_1_192' title='bbox 996 2858 1371 2942; x_wconf 83' lang='lat' dir='ltr'><strong>parabatur.</strong></span> <span class='ocrx_word' id='word_1_193' title='bbox 1480 2856 1862 2924; x_wconf 85' lang='lat' dir='ltr'><strong>Confluxere</strong></span> <span class='ocrx_word' id='word_1_194' title='bbox 1919 2860 2060 2943; x_wconf 90' lang='lat' dir='ltr'><strong>jam</strong></span> <span class='ocrx_word' id='word_1_195' title='bbox 2101 2860 2189 2925; x_wconf 87' lang='lat' dir='ltr'><strong>ad</strong></span> <span class='ocrx_word' id='word_1_196' title='bbox 2228 2864 2410 2925; x_wconf 89' lang='lat' dir='ltr'><strong>tecta</strong></span> <span class='ocrx_word' id='word_1_197' title='bbox 2449 2860 2622 2941; x_wconf 87' lang='lat' dir='ltr'><strong>regis</strong></span> <span class='ocrx_word' id='word_1_198' title='bbox 2663 2858 2916 2924; x_wconf 88' lang='lat' dir='ltr'><strong>nobiles</strong></span> <span class='ocrx_word' id='word_1_199' title='bbox 2958 2879 3074 2944; x_wconf 87' lang='lat' dir='ltr'><strong>pa·</strong></span> 
     </span>
     <span class='ocr_line' id='line_1_25' title="bbox 506 2963 3076 3050; baseline 0 -20"><span class='ocrx_word' id='word_1_200' title='bbox 506 2967 667 3030; x_wconf 90' lang='lat' dir='ltr'><strong>riter</strong></span> <span class='ocrx_word' id='word_1_201' title='bbox 707 2971 776 3030; x_wconf 88' lang='lat' dir='ltr'><strong>et</strong></span> <span class='ocrx_word' id='word_1_202' title='bbox 814 2965 1131 3048; x_wconf 83' lang='lat' dir='ltr'><strong>ignobiles</strong></span> <span class='ocrx_word' id='word_1_203' title='bbox 1175 2986 1219 3029; x_wconf 90' lang='lat' dir='ltr'><strong>a</strong></span> <span class='ocrx_word' id='word_1_204' title='bbox 1259 2963 1553 3029; x_wconf 88' lang='lat' dir='ltr'><strong>Svenone</strong></span> <span class='ocrx_word' id='word_1_205' title='bbox 1593 2965 1862 3045; x_wconf 86' lang='lat' dir='ltr'><strong>invitati,</strong></span> <span class='ocrx_word' id='word_1_206' title='bbox 1906 2986 2060 3032; x_wconf 92' lang='lat' dir='ltr'><strong>suus</strong></span> <span class='ocrx_word' id='word_1_207' title='bbox 2106 2966 2332 3050; x_wconf 88' lang='lat' dir='ltr'><strong>cuiqve</strong></span> <span class='ocrx_word' id='word_1_208' title='bbox 2372 2967 2441 3030; x_wconf 90' lang='lat' dir='ltr'><strong>in</strong></span> <span class='ocrx_word' id='word_1_209' title='bbox 2473 2966 2657 3048; x_wconf 86' lang='lat' dir='ltr'><strong>regia</strong></span> <span class='ocrx_word' id='word_1_210' title='bbox 2686 2964 2872 3030; x_wconf 89' lang='lat' dir='ltr'><strong>locus</strong></span> <span class='ocrx_word' id='word_1_211' title='bbox 2894 2985 3076 3031; x_wconf 87' lang='lat' dir='ltr'><strong>mon-</strong></span> 
     </span>
     <span class='ocr_line' id='line_1_26' title="bbox 511 3069 3073 3155; baseline 0.001 -20"><span class='ocrx_word' id='word_1_212' title='bbox 511 3075 755 3136; x_wconf 82' lang='lat' dir='ltr'><strong>stratus</strong></span> <span class='ocrx_word' id='word_1_213' title='bbox 800 3076 920 3149; x_wconf 89' lang='lat' dir='ltr'><strong>est,</strong></span> <span class='ocrx_word' id='word_1_214' title='bbox 976 3069 1426 3135; x_wconf 83' lang='lat' dir='ltr'><strong>Palmatokoni</strong></span> <span class='ocrx_word' id='word_1_215' title='bbox 1469 3090 1642 3150; x_wconf 89' lang='lat' dir='ltr'><strong>vero,</strong></span> <span class='ocrx_word' id='word_1_216' title='bbox 1700 3072 1805 3153; x_wconf 89' lang='lat' dir='ltr'><strong>qvi</strong></span> <span class='ocrx_word' id='word_1_217' title='bbox 1846 3072 2131 3138; x_wconf 89' lang='lat' dir='ltr'><strong>nondum</strong></span> <span class='ocrx_word' id='word_1_218' title='bbox 2171 3076 2458 3150; x_wconf 87' lang='lat' dir='ltr'><strong>venerat,</strong></span> <span class='ocrx_word' id='word_1_219' title='bbox 2514 3071 2779 3155; x_wconf 86' lang='lat' dir='ltr'><strong>ejusqve</strong></span> <span class='ocrx_word' id='word_1_220' title='bbox 2825 3072 3073 3138; x_wconf 91' lang='lat' dir='ltr'><strong>comiti-</strong></span> 
     </span>
     <span class='ocr_line' id='line_1_27' title="bbox 506 3176 3073 3262; baseline 0.001 -20"><span class='ocrx_word' id='word_1_221' title='bbox 506 3177 630 3242; x_wconf 90' lang='lat' dir='ltr'><strong>bus</strong></span> <span class='ocrx_word' id='word_1_222' title='bbox 694 3197 937 3241; x_wconf 84' lang='lat' dir='ltr'><strong>vacuus</strong></span> <span class='ocrx_word' id='word_1_223' title='bbox 999 3176 1184 3241; x_wconf 91' lang='lat' dir='ltr'><strong>locus</strong></span> <span class='ocrx_word' id='word_1_224' title='bbox 1225 3176 1491 3241; x_wconf 86' lang='lat' dir='ltr'><strong>relictus</strong></span> <span class='ocrx_word' id='word_1_225' title='bbox 1537 3182 1658 3241; x_wconf 88' lang='lat' dir='ltr'><strong>est.</strong></span> <span class='ocrx_word' id='word_1_226' title='bbox 1771 3178 2154 3244; x_wconf 84' lang='lat' dir='ltr'><strong>Palmatoko</strong></span> <span class='ocrx_word' id='word_1_227' title='bbox 2201 3183 2419 3244; x_wconf 85' lang='lat' dir='ltr'><strong>autem</strong></span> <span class='ocrx_word' id='word_1_228' title='bbox 2460 3178 2688 3262; x_wconf 91' lang='lat' dir='ltr'><strong>primo,</strong></span> <span class='ocrx_word' id='word_1_229' title='bbox 2730 3183 3073 3262; x_wconf 83' lang='lat' dir='ltr'><strong>postqvam</strong></span> 
     </span>
     <span class='ocr_line' id='line_1_28' title="bbox 509 3283 3079 3368; baseline 0 -20"><span class='ocrx_word' id='word_1_230' title='bbox 509 3283 866 3349; x_wconf 89' lang='lat' dir='ltr'><strong>convivium</strong></span> <span class='ocrx_word' id='word_1_231' title='bbox 909 3290 1238 3367; x_wconf 87' lang='lat' dir='ltr'><strong>coeperat,</strong></span> <span class='ocrx_word' id='word_1_232' title='bbox 1279 3303 1549 3365; x_wconf 87' lang='lat' dir='ltr'><strong>vespere</strong></span> <span class='ocrx_word' id='word_1_233' title='bbox 1593 3289 1854 3365; x_wconf 87' lang='lat' dir='ltr'><strong>portum</strong></span> <span class='ocrx_word' id='word_1_234' title='bbox 1899 3285 2158 3367; x_wconf 77' lang='lat' dir='ltr'><strong>oppidu,</strong></span> <span class='ocrx_word' id='word_1_235' title='bbox 2200 3287 2268 3349; x_wconf 89' lang='lat' dir='ltr'><strong>in</strong></span> <span class='ocrx_word' id='word_1_236' title='bbox 2312 3305 2434 3368; x_wconf 89' lang='lat' dir='ltr'><strong>qvo</strong></span> <span class='ocrx_word' id='word_1_237' title='bbox 2481 3285 2836 3350; x_wconf 89' lang='lat' dir='ltr'><strong>convivium</strong></span> <span class='ocrx_word' id='word_1_238' title='bbox 2874 3285 3079 3367; x_wconf 84' lang='lat' dir='ltr'><strong>agita-</strong></span> 
     </span>
     <span class='ocr_line' id='line_1_29' title="bbox 504 3388 3078 3475; baseline 0 -20"><span class='ocrx_word' id='word_1_239' title='bbox 504 3390 717 3471; x_wconf 85' lang='lat' dir='ltr'><strong>batur,</strong></span> <span class='ocrx_word' id='word_1_240' title='bbox 758 3391 1039 3454; x_wconf 89' lang='lat' dir='ltr'><strong>vicinum</strong></span> <span class='ocrx_word' id='word_1_241' title='bbox 1080 3388 1285 3455; x_wconf 86' lang='lat' dir='ltr'><strong>tribus</strong></span> <span class='ocrx_word' id='word_1_242' title='bbox 1316 3388 1587 3453; x_wconf 83' lang='lat' dir='ltr'><strong>navibus</strong></span> <span class='ocrx_word' id='word_1_243' title='bbox 1623 3390 1901 3472; x_wconf 81' lang='lat' dir='ltr'><strong>appulit3</strong></span> <span class='ocrx_word' id='word_1_244' title='bbox 1947 3392 2049 3474; x_wconf 87' lang='lat' dir='ltr'><strong>qvi</strong></span> <span class='ocrx_word' id='word_1_245' title='bbox 2083 3398 2429 3475; x_wconf 84' lang='lat' dir='ltr'><strong>anteqvam</strong></span> <span class='ocrx_word' id='word_1_246' title='bbox 2448 3392 2516 3456; x_wconf 89' lang='lat' dir='ltr'><strong>in</strong></span> <span class='ocrx_word' id='word_1_247' title='bbox 2538 3398 2781 3457; x_wconf 86' lang='lat' dir='ltr'><strong>terram</strong></span> <span class='ocrx_word' id='word_1_248' title='bbox 2808 3391 3078 3456; x_wconf 89' lang='lat' dir='ltr'><strong>descen-</strong></span> 
     </span>
    </p>
   </div>
   <div class='ocr_carea' id='block_1_3' title="bbox 3342 383 3350 1833">
    <p class='ocr_par' dir='ltr' id='par_1_4' title="bbox 3342 383 3350 1833">
     <span class='ocr_line' id='line_1_30' title="bbox 3342 383 3350 1833; baseline 0 0"><span class='ocrx_word' id='word_1_249' title='bbox 3342 383 3350 1833; x_wconf 95' lang='lat' dir='ltr'><strong> </strong></span> 
     </span>
    </p>
   </div>
   <div class='ocr_carea' id='block_1_4' title="bbox 3347 2028 3350 2781">
    <p class='ocr_par' dir='ltr' id='par_1_5' title="bbox 3347 2028 3350 2781">
     <span class='ocr_line' id='line_1_31' title="bbox 3347 2028 3350 2781; baseline 0 0"><span class='ocrx_word' id='word_1_250' title='bbox 3347 2028 3350 2781; x_wconf 95' lang='lat' dir='ltr'><strong> </strong></span> 
     </span>
    </p>
   </div>
   <div class='ocr_carea' id='block_1_5' title="bbox 507 3495 3184 3591">
    <p class='ocr_par' dir='ltr' id='par_1_6' title="bbox 507 3495 3184 3591">
     <span class='ocr_line' id='line_1_32' title="bbox 507 3495 3184 3591; baseline 0 -30"><span class='ocrx_word' id='word_1_251' title='bbox 507 3496 712 3575; x_wconf 89' lang='lat' dir='ltr'><strong>deret,</strong></span> <span class='ocrx_word' id='word_1_252' title='bbox 775 3501 1007 3575; x_wconf 72' lang='lat' dir='ltr'><strong>rostra</strong></span> <span class='ocrx_word' id='word_1_253' title='bbox 1055 3497 1312 3562; x_wconf 87' lang='lat' dir='ltr'><strong>navium</strong></span> <span class='ocrx_word' id='word_1_254' title='bbox 1376 3495 1543 3559; x_wconf 87' lang='lat' dir='ltr'><strong>ostio</strong></span> <span class='ocrx_word' id='word_1_255' title='bbox 1595 3501 1862 3591; x_wconf 32' lang='lat' dir='ltr'><strong>portus,</strong></span> <span class='ocrx_word' id='word_1_256' title='bbox 1892 3497 2140 3563; x_wconf 83' lang='lat' dir='ltr'><strong>obverti</strong></span> <span class='ocrx_word' id='word_1_257' title='bbox 2183 3504 2251 3565; x_wconf 91' lang='lat' dir='ltr'><strong>et</strong></span> <span class='ocrx_word' id='word_1_258' title='bbox 2293 3519 2481 3563; x_wconf 88' lang='lat' dir='ltr'><strong>suum</strong></span> <span class='ocrx_word' id='word_1_259' title='bbox 2509 3497 2790 3564; x_wconf 51' lang='lat' dir='ltr'><strong>„cuilibet</strong></span> <span class='ocrx_word' id='word_1_260' title='bbox 2833 3498 3077 3564; x_wconf 84' lang='lat' dir='ltr'><strong>scalmo</strong></span> <span class='ocrx_word' id='word_1_261' title='bbox 3179 3545 3184 3550; x_wconf 86' lang='lat'><em>-</em></span> 
     </span>
    </p>
   </div>
   <div class='ocr_carea' id='block_1_6' title="bbox 499 3602 3076 4450">
    <p class='ocr_par' dir='ltr' id='par_1_7' title="bbox 500 3602 3076 4111">
     <span class='ocr_line' id='line_1_33' title="bbox 502 3602 3076 3688; baseline 0.001 -21"><span class='ocrx_word' id='word_1_262' title='bbox 502 3622 752 3668; x_wconf 89' lang='lat' dir='ltr'><strong>remum</strong></span> <span class='ocrx_word' id='word_1_263' title='bbox 795 3602 1046 3685; x_wconf 86' lang='lat' dir='ltr'><strong>alligari</strong></span> <span class='ocrx_word' id='word_1_264' title='bbox 1081 3603 1282 3686; x_wconf 88' lang='lat' dir='ltr'><strong>jubet,</strong></span> <span class='ocrx_word' id='word_1_265' title='bbox 1326 3607 1416 3682; x_wconf 91' lang='lat' dir='ltr'><strong>ut,</strong></span> <span class='ocrx_word' id='word_1_266' title='bbox 1462 3603 1519 3667; x_wconf 88' lang='lat' dir='ltr'><strong>si</strong></span> <span class='ocrx_word' id='word_1_267' title='bbox 1559 3609 1802 3687; x_wconf 87' lang='lat' dir='ltr'><strong>praeter</strong></span> <span class='ocrx_word' id='word_1_268' title='bbox 1845 3605 2214 3688; x_wconf 90' lang='lat' dir='ltr'><strong>opinionem</strong></span> <span class='ocrx_word' id='word_1_269' title='bbox 2245 3606 2433 3670; x_wconf 89' lang='lat' dir='ltr'><strong>citius</strong></span> <span class='ocrx_word' id='word_1_270' title='bbox 2477 3605 2847 3671; x_wconf 84' lang='lat' dir='ltr'><strong>abeundum</strong></span> <span class='ocrx_word' id='word_1_271' title='bbox 2881 3609 3076 3683; x_wconf 86' lang='lat' dir='ltr'><strong>esset,</strong></span> 
     </span>
     <span class='ocr_line' id='line_1_34' title="bbox 503 3708 3070 3796; baseline 0 -20"><span class='ocrx_word' id='word_1_272' title='bbox 503 3710 647 3776; x_wconf 86' lang='lat' dir='ltr'><strong>haec</strong></span> <span class='ocrx_word' id='word_1_273' title='bbox 710 3709 955 3775; x_wconf 85' lang='lat' dir='ltr'><strong>nullam</strong></span> <span class='ocrx_word' id='word_1_274' title='bbox 1016 3708 1355 3792; x_wconf 86' lang='lat' dir='ltr'><strong>injicerent</strong></span> <span class='ocrx_word' id='word_1_275' title='bbox 1417 3728 1688 3773; x_wconf 84' lang='lat' dir='ltr'><strong>moram.</strong></span> <span class='ocrx_word' id='word_1_276' title='bbox 1794 3709 1954 3776; x_wconf 90' lang='lat' dir='ltr'><strong>Inde</strong></span> <span class='ocrx_word' id='word_1_277' title='bbox 1997 3714 2179 3795; x_wconf 85' lang='lat' dir='ltr'><strong>regia</strong></span> <span class='ocrx_word' id='word_1_278' title='bbox 2219 3718 2420 3792; x_wconf 87' lang='lat' dir='ltr'><strong>tecta,</strong></span> <span class='ocrx_word' id='word_1_279' title='bbox 2467 3717 2727 3777; x_wconf 92' lang='lat' dir='ltr'><strong>centum</strong></span> <span class='ocrx_word' id='word_1_280' title='bbox 2770 3712 3070 3796; x_wconf 87' lang='lat' dir='ltr'><strong>qvinqva-</strong></span> 
     </span>
     <span class='ocr_line' id='line_1_35' title="bbox 501 3814 3072 3904; baseline 0 -22"><span class='ocrx_word' id='word_1_281' title='bbox 501 3817 684 3901; x_wconf 83' lang='lat' dir='ltr'><strong>ginta</strong></span> <span class='ocrx_word' id='word_1_282' title='bbox 747 3816 1024 3900; x_wconf 84' lang='lat' dir='ltr'><strong>stipatus</strong></span> <span class='ocrx_word' id='word_1_283' title='bbox 1090 3814 1260 3893; x_wconf 89' lang='lat' dir='ltr'><strong>viris,</strong></span> <span class='ocrx_word' id='word_1_284' title='bbox 1323 3819 1556 3897; x_wconf 86' lang='lat' dir='ltr'><strong>petens</strong></span> <span class='ocrx_word' id='word_1_285' title='bbox 1621 3836 1873 3882; x_wconf 90' lang='lat' dir='ltr'><strong>summo</strong></span> <span class='ocrx_word' id='word_1_286' title='bbox 1940 3839 2090 3883; x_wconf 89' lang='lat' dir='ltr'><strong>cum</strong></span> <span class='ocrx_word' id='word_1_287' title='bbox 2141 3820 2387 3885; x_wconf 90' lang='lat' dir='ltr'><strong>honore</strong></span> <span class='ocrx_word' id='word_1_288' title='bbox 2443 3839 2485 3884; x_wconf 87' lang='lat' dir='ltr'><strong>a</strong></span> <span class='ocrx_word' id='word_1_289' title='bbox 2537 3839 2692 3902; x_wconf 88' lang='lat' dir='ltr'><strong>rege</strong></span> <span class='ocrx_word' id='word_1_290' title='bbox 2739 3820 3072 3904; x_wconf 81' lang='lat' dir='ltr'><strong>excipitur.</strong></span> 
     </span>
     <span class='ocr_line' id='line_1_36' title="bbox 500 3921 3074 4009; baseline 0 -19"><span class='ocrx_word' id='word_1_291' title='bbox 500 3923 772 4008; x_wconf 84' lang='lat' dir='ltr'><strong>Jamqve</strong></span> <span class='ocrx_word' id='word_1_292' title='bbox 814 3941 1053 4004; x_wconf 84' lang='lat' dir='ltr'><strong>magna</strong></span> <span class='ocrx_word' id='word_1_293' title='bbox 1096 3921 1509 3986; x_wconf 83' lang='lat' dir='ltr'><strong>contentione</strong></span> <span class='ocrx_word' id='word_1_294' title='bbox 1556 3922 1639 3987; x_wconf 88' lang='lat' dir='ltr'><strong>ab</strong></span> <span class='ocrx_word' id='word_1_295' title='bbox 1687 3924 1981 3990; x_wconf 84' lang='lat' dir='ltr'><strong>omnibus</strong></span> <span class='ocrx_word' id='word_1_296' title='bbox 2024 3925 2286 4006; x_wconf 89' lang='lat' dir='ltr'><strong>bibitur,</strong></span> <span class='ocrx_word' id='word_1_297' title='bbox 2330 3924 2704 4009; x_wconf 87' lang='lat' dir='ltr'><strong>poculisqve</strong></span> <span class='ocrx_word' id='word_1_298' title='bbox 2744 3944 3074 3991; x_wconf 89' lang='lat' dir='ltr'><strong>sermones</strong></span> 
     </span>
     <span class='ocr_line' id='line_1_37' title="bbox 503 4014 2697 4111; baseline -0.002 -14"><span class='ocrx_word' id='word_1_299' title='bbox 503 4036 570 4097; x_wconf 92' lang='lat' dir='ltr'><strong>et</strong></span> <span class='ocrx_word' id='word_1_300' title='bbox 610 4029 866 4097; x_wconf 73' lang='lat' dir='ltr'><strong>facetiae</strong></span> <span class='ocrx_word' id='word_1_301' title='bbox 909 4026 1326 4111; x_wconf 87' lang='lat' dir='ltr'><strong>lepidissimae</strong></span> <span class='ocrx_word' id='word_1_302' title='bbox 1368 4029 1749 4094; x_wconf 83' lang='lat' dir='ltr'><strong>miscentur.</strong></span> <span class='ocrx_word' id='word_1_303' title='bbox 2688 4014 2697 4031; x_wconf 85' lang='lat'>&#39;</span> 
     </span>
    </p>

    <p class='ocr_par' dir='ltr' id='par_1_8' title="bbox 499 4152 3071 4450">
     <span class='ocr_line' id='line_1_38' title="bbox 805 4152 3071 4239; baseline 0.002 -22"><span class='ocrx_word' id='word_1_304' title='bbox 805 4154 975 4218; x_wconf 93' lang='lat' dir='ltr'><strong>Dum</strong></span> <span class='ocrx_word' id='word_1_305' title='bbox 990 4153 1017 4191; x_wconf 75' lang='lat'>³</span> <span class='ocrx_word' id='word_1_306' title='bbox 1079 4152 1175 4216; x_wconf 87' lang='lat' dir='ltr'><strong>ita</strong></span> <span class='ocrx_word' id='word_1_307' title='bbox 1239 4172 1488 4218; x_wconf 87' lang='lat' dir='ltr'><strong>summa</strong></span> <span class='ocrx_word' id='word_1_308' title='bbox 1548 4153 1879 4238; x_wconf 83' lang='lat' dir='ltr'><strong>voluptate</strong></span> <span class='ocrx_word' id='word_1_309' title='bbox 1931 4154 2277 4238; x_wconf 84' lang='lat' dir='ltr'><strong>laetitiaqve</strong></span> <span class='ocrx_word' id='word_1_310' title='bbox 2326 4156 2679 4221; x_wconf 82' lang='lat' dir='ltr'><strong>convivium</strong></span> <span class='ocrx_word' id='word_1_311' title='bbox 2723 4156 3071 4239; x_wconf 86' lang='lat' dir='ltr'><strong>peragitur,</strong></span> 
     </span>
     <span class='ocr_line' id='line_1_39' title="bbox 499 4257 3070 4343; baseline 0.002 -19"><span class='ocrx_word' id='word_1_312' title='bbox 499 4260 854 4339; x_wconf 77' lang='lat' dir='ltr'><strong>FiolneruS,</strong></span> <span class='ocrx_word' id='word_1_313' title='bbox 900 4259 1020 4341; x_wconf 90' lang='lat' dir='ltr'><strong>qvi,</strong></span> <span class='ocrx_word' id='word_1_314' title='bbox 1043 4257 1333 4324; x_wconf 85' lang='lat' dir='ltr'><strong>Haraldo</strong></span> <span class='ocrx_word' id='word_1_315' title='bbox 1369 4265 1641 4339; x_wconf 83' lang='lat' dir='ltr'><strong>mortue,</strong></span> <span class='ocrx_word' id='word_1_316' title='bbox 1664 4260 1734 4324; x_wconf 88' lang='lat' dir='ltr'><strong>in</strong></span> <span class='ocrx_word' id='word_1_317' title='bbox 1767 4259 2076 4326; x_wconf 88' lang='lat' dir='ltr'><strong>Svenonis</strong></span> <span class='ocrx_word' id='word_1_318' title='bbox 2113 4262 2466 4327; x_wconf 81' lang='lat' dir='ltr'><strong>amicitiam</strong></span> <span class='ocrx_word' id='word_1_319' title='bbox 2488 4282 2560 4327; x_wconf 90' lang='lat' dir='ltr'><strong>se</strong></span> <span class='ocrx_word' id='word_1_320' title='bbox 2581 4264 3070 4343; x_wconf 74' lang='lat' dir='ltr'><strong>insinuaverat4,</strong></span> 
     </span>
     <span class='ocr_line' id='line_1_40' title="bbox 499 4364 3069 4450; baseline 0.002 -20"><span class='ocrx_word' id='word_1_321' title='bbox 499 4386 721 4449; x_wconf 91' lang='lat' dir='ltr'><strong>regem</strong></span> <span class='ocrx_word' id='word_1_322' title='bbox 784 4364 1110 4431; x_wconf 84' lang='lat' dir='ltr'><strong>accedens</strong></span> <span class='ocrx_word' id='word_1_323' title='bbox 1178 4364 1286 4429; x_wconf 87' lang='lat' dir='ltr'><strong>diu</strong></span> <span class='ocrx_word' id='word_1_324' title='bbox 1349 4386 1496 4431; x_wconf 91' lang='lat' dir='ltr'><strong>cum</strong></span> <span class='ocrx_word' id='word_1_325' title='bbox 1560 4369 1638 4432; x_wconf 89' lang='lat' dir='ltr'><strong>e&#39;o</strong></span> <span class='ocrx_word' id='word_1_326' title='bbox 1696 4366 1815 4432; x_wconf 88' lang='lat' dir='ltr'><strong>sed</strong></span> <span class='ocrx_word' id='word_1_327' title='bbox 1866 4368 2104 4433; x_wconf 82' lang='lat' dir='ltr'><strong>tacitus</strong></span> <span class='ocrx_word' id='word_1_328' title='bbox 2151 4370 2642 4450; x_wconf 83' lang='lat' dir='ltr'><strong>sermocinatur,</strong></span> <span class='ocrx_word' id='word_1_329' title='bbox 2684 4375 2758 4435; x_wconf 89' lang='lat' dir='ltr'><strong>ut</strong></span> <span class='ocrx_word' id='word_1_330' title='bbox 2799 4367 3069 4435; x_wconf 83' lang='lat' dir='ltr'><strong>tandem</strong></span> 
     </span>
    </p>
   </div>
   <div class='ocr_carea' id='block_1_7' title="bbox 508 4503 914 4514">
    <p class='ocr_par' dir='ltr' id='par_1_9' title="bbox 508 4503 914 4514">
     <span class='ocr_line' id='line_1_41' title="bbox 508 4503 914 4514; baseline 0 720"><span class='ocrx_word' id='word_1_331' title='bbox 508 4503 914 4514; x_wconf 95' lang='lat' dir='ltr'><strong> </strong></span> 
     </span>
    </p>
   </div>
   <div class='ocr_carea' id='block_1_8' title="bbox 567 4570 2859 4735">
    <p class='ocr_par' dir='ltr' id='par_1_10' title="bbox 567 4570 2859 4735">
     <span class='ocr_line' id='line_1_42' title="bbox 575 4570 2859 4632; baseline 0.002 -8"><span class='ocrx_word' id='word_1_332' title='bbox 575 4572 593 4604; x_wconf 92' lang='lat'>¹</span> <span class='ocrx_word' id='word_1_333' title='bbox 634 4573 792 4624; x_wconf 77' lang='lat'>1⁷78:</span> <span class='ocrx_word' id='word_1_334' title='bbox 829 4570 1042 4623; x_wconf 77' lang='lat' dir='ltr'><strong>urbem,</strong></span> <span class='ocrx_word' id='word_1_335' title='bbox 1182 4573 1208 4604; x_wconf 74' lang='lat'><strong>²</strong></span> <span class='ocrx_word' id='word_1_336' title='bbox 1242 4571 1337 4626; x_wconf 83' lang='lat'><strong>59:</strong></span> <span class='ocrx_word' id='word_1_337' title='bbox 1372 4570 1473 4624; x_wconf 85' lang='lat' dir='ltr'><strong>har</strong></span> <span class='ocrx_word' id='word_1_338' title='bbox 1506 4570 1830 4628; x_wconf 86' lang='lat' dir='ltr'><strong>Liniebrud.</strong></span> <span class='ocrx_word' id='word_1_339' title='bbox 1974 4577 1997 4608; x_wconf 75' lang='lat'>³</span> <span class='ocrx_word' id='word_1_340' title='bbox 2038 4575 2199 4632; x_wconf 71' lang='lat'>1778:</span> <span class='ocrx_word' id='word_1_341' title='bbox 2235 4577 2337 4630; x_wconf 80' lang='lat' dir='ltr'><strong>har</strong></span> <span class='ocrx_word' id='word_1_342' title='bbox 2368 4574 2501 4628; x_wconf 88' lang='lat' dir='ltr'><strong>ikke</strong></span> <span class='ocrx_word' id='word_1_343' title='bbox 2535 4573 2859 4630; x_wconf 87' lang='lat' dir='ltr'><strong>Liniebrud.</strong></span> 
     </span>
     <span class='ocr_line' id='line_1_43' title="bbox 567 4677 1079 4735; baseline -0.006 -1"><span class='ocrx_word' id='word_1_344' title='bbox 567 4681 595 4714; x_wconf 77' lang='lat'><strong>⁴</strong></span> <span class='ocrx_word' id='word_1_345' title='bbox 624 4679 719 4735; x_wconf 83' lang='lat'><strong>59:</strong></span> <span class='ocrx_word' id='word_1_346' title='bbox 754 4677 1079 4735; x_wconf 79' lang='lat' dir='ltr'><strong>insinuarat.</strong></span> 
     </span>
    </p>
   </div>
  </div>
 </body>
</html>
