3350 5234
1534 296 1675 394 11'

285 499 476 564 nobis
524 499 864 581 contigerit
904 498 1192 563 victoria.
1278 498 1418 580 Ego
1464 503 1681 561 autem
1714 500 1778 559 et
1815 492 2263 559 Gullharaldus
2301 494 2557 556 centum
2591 507 2849 554 marcas

292 606 432 669 auri
477 610 544 669 et
586 607 670 668 60
715 605 1057 686 accipitres
1100 604 1218 668 tibi
1264 601 1644 668 donabimus
1691 599 2030 683 cujuslibet
2063 599 2317 662 triennii
2363 597 2592 680 spatio.

599 710 738 774 Rex
769 710 1093 775 Haraldus
1137 710 1317 773 hisce
1361 706 1833 774 conditionibus
1860 710 2201 770 contentus
2225 705 2561 785 sexaginta
2580 702 2851 766 nuncios

290 817 358 880 in
398 816 789 898 Norvagiam
829 817 1050 896 mittit,
1107 816 1209 898 qvi
1263 819 1489 897 optata
1537 814 1726 896 potiti
1772 833 1971 877 arena
2024 810 2314 874 Haraldo
2362 807 2627 874 Grafeld
2667 808 2854 889 regia

294 920 472 987 dicta
516 924 841 1004 aperiunt;
886 921 1072 986 simul
1117 923 1311 986 etiam
1360 919 1695 986 Gunnildae
1714 969 1729 998 ,
1768 917 2125 982 Haraldum
2155 914 2399 996 Regem
2443 914 2669 978 Daniae
2715 913 2851 995 ejus

298 1047 519 1092 amore
563 1028 797 1106 teneri,
854 1027 1079 1092 dolose
1135 1026 1511 1110 significant.
1598 1024 1721 1088 Illa
1770 1020 1981 1088 verbis
2024 1022 2288 1086 nimium
2333 1019 2595 1085 credula
2637 1017 2853 1097 filium,

294 1139 368 1197 ut
414 1133 746 1197 celerrime
801 1135 1058 1215 naviget
1117 1140 1182 1200 et
1245 1132 1541 1215 petitioni
1582 1130 1754 1212 regis
1798 1129 2023 1194 Daniae
2070 1125 2487 1204 obsecundet,
2531 1124 2847 1188 hortatur.

600 1238 861 1317 Nuncii‚
908 1239 1221 1321 expeditis
1257 1236 1550 1302 omnibus
1575 1235 1850 1317 negotiis
1867 1284 1882 1313 ‚
1907 1235 1974 1298 in
1999 1233 2276 1298 Daniam
2306 1231 2548 1296 reversi
2564 1229 2852 1293 Haraldo

296 1345 512 1407 omnia
553 1344 952 1408 renunciant.
1038 1344 1369 1426 Haqvinus
1423 1343 1615 1424 igitur
1658 1346 1725 1406 et
1768 1338 2220 1404 Gullharaldus
2267 1338 2349 1411 de
2404 1336 2681 1400 adventu
2721 1335 2854 1399 Ha-

292 1449 461 1513 raldi
505 1448 771 1513 Grafeld
815 1451 1123 1514 certiores
1168 1449 1326 1514 facti
1365 1467 1563 1512 naves
1606 1446 1809 1512 ferme
1854 1446 2190 1527 sexaginta
2231 1446 2299 1509 in
2344 1445 2541 1509 altum
2586 1443 2856 1523 ducunt,

297 1560 362 1619 et
405 1575 477 1618 se
523 1556 609 1620 ad
650 1575 932 1638 pugnam
973 1560 1370 1638 praeparant,
1414 1575 1496 1619 ne
1542 1553 1889 1618 adveniens
1932 1552 2072 1616 Rex
2112 1550 2435 1615 Haraldus
2483 1572 2518 1615 e
2562 1548 2857 1614 manibus

297 1680 522 1726 eorum
585 1661 927 1729 elabatur.
1006 1661 1330 1726 Haraldus
1398 1664 1612 1724 autem
1663 1658 1804 1723 Rex
1855 1658 2082 1723 Daniae
2130 1658 2365 1740 saepius
2412 1657 2665 1721 occulte
2712 1677 2857 1720 cum

293 1764 590 1849 Haqvino
635 1766 890 1832 Barone
935 1787 1266 1832 semones
1313 1766 1607 1831 caedebat
1627 1768 1676 1844 1,
1724 1766 1872 1849 qvid
1916 1770 2132 1830 autem
2174 1765 2342 1830 inter
2386 1784 2457 1828 se
2504 1763 2853 1827 constitue-

293 1872 452 1953 rint,
495 1872 688 1956 paulo
732 1878 886 1961 post
925 1873 1206 1942 fortasse
1252 1872 1595 1941 constabit.

1394 2098 1585 2154 OAP.
1633 2099 1766 2155 111.

583 2243 918 2309 Har-aldus
968 2243 1238 2325 Grafeld
1273 2245 1343 2308 in
1383 2243 1600 2309 Dama
1644 2263 1683 2308 a
1731 2242 2144 2309 Gullharaldo
2191 2244 2584 2325 opprimitur.

605 2409 929 2476 Haraldus
996 2410 1260 2479 Grafeld
1321 2412 1462 2477 Rex
1521 2411 1965 2493 Norvagorum
2025 2413 2093 2475 in
2134 2411 2410 2476 Daniam
2452 2412 2577 2477 iter
2618 2431 2858 2494 parans

297 2514 461 2581 duas
502 2536 722 2596 naveS,
774 2518 1094 2602 adjunctis
1139 2519 1263 2585 sibi
1303 2518 1657 2584 trecentis2
1699 2518 1877 2597 viris,
1920 2519 2193 2599 instruit,
2238 2525 2552 2602 portuqve
2602 2519 2858 2583 solvens

299 2623 366 2687 in
432 2624 640 2687 sinum
712 2624 1043 2708 Lymicum
1105 2624 1330 2690 Daniae
1345 2675 1360 2704 ,
1426 2645 1612 2707 qvem
1671 2622 2002 2706 Haqvinus
2065 2625 2236 2690 Baro
2297 2630 2362 2690 et
2406 2623 2859 2690 Gullharaldus

302 2735 730 2812 occuparunt,
799 2731 879 2795 de
932 2730 1105 2795 nullo
1149 2732 1358 2795 minus
1403 2752 1591 2813 qvam
1633 2731 1882 2796 insidiis
1928 2732 2221 2814 cogitans
2268 2731 2530 2813 appulit.
2617 2730 2702 2795 Ut
2746 2751 2858 2794 au-

297 2841 432 2901 tem
472 2836 564 2900 illi
609 2836 728 2901 sub
771 2838 1121 2902 monticulo
1170 2837 1444 2921 qvodam
1484 2837 1553 2901 in
1592 2837 1841 2902 insidiis
1884 2837 2163 2902 latentes
2205 2836 2560 2902 Haraldum
2597 2836 2863 2903 Grafeld

301 2941 756 3007 adventantem
787 2948 1057 3008 cernunt
1095 2945 1324 3025 exigua
1362 2943 1632 3007 militum
1656 2964 1852 3007 manu
1875 2944 2209 3026 stipatum,
2258 2944 2350 3006 sic
2377 2942 2862 3009 Gullharaldum

298 3046 629 3130 Haqvinus
675 3049 1035 3131 alloqvitur:
1081 3049 1181 3113 En
1215 3050 1440 3114 incidit
1480 3050 1548 3112 in
1593 3070 1815 3114 casses
1849 3055 2108 3115 nostros
2143 3049 2366 3132 praeda
2384 3051 2622 3132 petita3
2667 3071 2861 3132 qvare

298 3159 366 3218 te
408 3155 536 3218 tuis
581 3159 831 3219 tantum
877 3157 1080 3238 copiis
1123 3156 1479 3221 Haraldum
1522 3156 1850 3221 lacessere
1892 3156 2110 3236 velim,
2180 3177 2327 3220 cum
2367 3157 2527 3221 nihil
2569 3176 2730 3239 opus
2779 3156 2865 3221 sit

301 3280 647 3325 numeroso
695 3248 997 3326 exercitu
1020 3263 1089 3326 in
1131 3268 1268 3327 tam
1309 3263 1536 3344 paucis
1579 3261 1997 3344 profligandis
2044 3267 2110 3326 et
2155 3262 2647 3345 opprimendiS.³
2721 3262 2860 3327 Nec

300 3367 623 3448 integrum
664 3366 819 3431 mihi
852 3374 953 3432 est
994 3369 1120 3433 hoc
1165 3369 1489 3450 negotium
1536 3368 1885 3449 suscipere,
1932 3389 2077 3432 cum
2119 3388 2252 3432 non
2295 3367 2556 3432 dubium
2600 3368 2683 3431 sit
2724 3388 2863 3431 ma-

303 3492 499 3553 gnam
556 3478 977 3555 cognatorum
1016 3494 1306 3538 meorum
1347 3478 1601 3556 partem
1663 3474 1732 3536 in
1761 3473 2053 3538 ·Haraldi
2092 3473 2288 3556 Regis
2342 3475 2651 3539 comitatu
2695 3494 2861 3539 esse.

301 3579 440 3660 Ego
488 3583 705 3643 autem
747 3581 1083 3645 victoriam
1124 3579 1243 3646 tibi
1287 3581 1656 3661 contingere
1700 3577 1891 3643 facile
1935 3581 2168 3661 patiar.

607 3685 725 3749 His
772 3687 1213 3752 exstimulatus
1255 3687 1322 3750 in
1362 3705 1765 3768 pugnamqve
1808 3692 2149 3751 revocatus
2196 3686 2647 3752 Gullharaldus
2693 3687 2859 3753 clas-

305 3791 511 3856 sicum
579 3792 725 3856 cani
772 3790 984 3875 jubet,
1045 3791 1276 3856 deinde
1345 3791 1555 3856 classe
1601 3811 1721 3856 sua
1761 3792 1829 3856 in
1869 3791 2227 3857 Haraldum
2267 3793 2511 3877 Regem
2552 3794 2862 3877 impetum

303 3896 479 3962 facit.
577 3896 899 3963 Haraldus
963 3918 1113 3963 vero
1176 3898 1316 3963 Rex
1381 3918 1452 3963 se
1508 3898 1648 3981 jam
1710 3898 2041 3981 inopinato
2110 3919 2493 3983 oppressum
2558 3921 2858 3981 cernens,

302 4023 455 4068 suos
502 4024 683 4068 arma
727 4005 1115 4089 capessere4
1160 4002 1372 4087 jubet,
1440 4003 1627 4068 simul
1693 4005 1889 4069 etiam
1951 4004 2205 4086 hostes,
2275 4007 2377 4089 qvi
2422 4007 2575 4086 sint,
2645 4007 2859 4090 qvisve

304 4129 525 4175 eorum
567 4109 869 4193 princeps
912 4111 1284 4192 interrogat.
1369 4109 1729 4192 Respondit
1772 4117 2150 4193 arroganter
2192 4113 2351 4177 satis
2376 4111 2858 4194 Gullharaldus,

303 4235 451 4280 eum
495 4235 642 4281 esse
688 4216 914 4281 classis
961 4215 1219 4297 ducem,
1278 4216 1459 4300 cujus
1512 4216 1851 4299 imperium
1885 4217 2030 4299 jure
2077 4218 2318 4299 optimo
2361 4217 2685 4301 Norvagia
2721 4219 2859 4303 jam

303 4321 413 4386 diu
468 4319 550 4386 ab
594 4320 882 4388 Haraldo
925 4321 1162 4404 injuste
1208 4328 1530 4406 occupata
1574 4342 1929 4404 agnoscere
1975 4323 2259 4389 deberet.
2364 4324 2504 4390 Rex
2549 4325 2858 4410 deinceps

305 4426 557 4509 qvaerit,
615 4426 795 4510 cujus
841 4427 924 4491 sit
975 4429 1105 4492 ista
1150 4428 1408 4507 classis,
1455 4449 1592 4511 qvae
1638 4428 1757 4513 sub
1805 4428 1969 4493 colle
2010 4428 2233 4495 lateat.
2317 4430 2720 4515 Respondit⁵
2760 4434 2856 4498 in-

378 4565 397 4596 ¹
435 4562 671 4617 cedebat
691 4566 839 4618 1778.
938 4568 965 4598 ⁹
985 4564 1149 4633 ,‚4oo“
1169 4563 1287 4616 Fm.
1309 4564 1361 4617 S.
1380 4564 1470 4617 XI.
1503 4569 1585 4619 22.
1689 4570 1712 4600 ⁸
1728 4583 1890 4630 „cum
1907 4567 2490 4638 nihil-opprimendis“
2510 4571 2641 4639 mgl.
2663 4571 2685 4623 i
2706 4574 2855 4626 1'7'78.

372 4656 400 4687 ⁴
436 4670 727 4723 capescere
769 4657 916 4709 1778.
1057 4660 1080 4690 ⁵
1115 4656 1209 4709 59:
1249 4655 1636 4724 „respondet“.
