3350 5234
1741 377 1824 440 36

500 558 765 602 uxorem
821 538 960 603 dari
1013 539 1223 621 petivi.
1316 540 1355 604 J
1360 561 1585 623 amqve
1629 543 1772 607 haec
1819 542 1903 607 ad
1945 542 2138 608 finem
2182 544 2608 626 perducturus
2651 546 3074 612 Burisleifum

505 646 834 724 conveni0,
900 651 972 709 tu
1043 645 1147 709 hic
1214 646 1465 711 interea
1527 669 1631 713 me
1678 650 2031 732 opperiere.
2129 650 2378 715 Deinde
2422 652 2648 716 itinere
2694 652 2780 716 ad
2841 653 3073 716 Buris-

500 749 718 813 leifum
762 749 959 830 fact0‚
1005 749 1245 815 talibus
1293 772 1439 816 eum
1485 754 1850 837 alloqvitur:
1917 757 2080 835 Jam,
2125 758 2340 839 inqvit,
2387 756 2553 840 qvod
2586 779 2876 823 mearum
2911 781 3070 841 par-

499 855 658 918 tium
721 856 856 937 fuit,
924 855 1225 922 effectum
1286 857 1464 940 dedi3
1521 864 1591 923 tu
1644 861 1807 940 vide,
1875 882 1913 925 o
1957 862 2122 925 Rex!
2178 869 2250 927 ut
2301 862 2367 927 id
2410 885 2623 944 unum,
2672 865 2839 947 qvod
2883 886 3069 929 com-

499 963 675 1024 muni
730 964 1011 1027 omnium
1067 964 1325 1029 utilitati
1386 966 1706 1045 inserviat,
1776 966 2064 1050 qvodqve
2119 966 2234 1031 tibi
2279 970 2527 1051 tuisqve
2571 969 2801 1034 honori
2846 971 3065 1049 cedat,

501 1087 676 1148 agas.
764 1068 1140 1133 Burisleifus
1198 1091 1269 1134 se
1327 1073 1542 1136 omnia
1598 1071 1878 1154 Sigvaldi
1923 1073 2185 1138 arbitrio
2234 1076 2726 1140 commissurum
2771 1076 3063 1141 dicebat.

502 1172 617 1237 Cui
671 1172 1003 1256 Sigvaldus
1070 1176 1162 1239 sic
1222 1176 1585 1259 respondit:
1652 1178 1792 1260 Ego
1850 1178 2021 1261 apud
2075 1201 2178 1242 me
2225 1182 2544 1260 constitui,
2590 1181 2657 1245 id
2699 1184 2979 1246 maxime
3027 1204 3066 1247 e

498 1299 569 1343 re
614 1284 728 1344 tua
768 1279 1066 1361 futurum,
1136 1283 1190 1346 si
1242 1281 1439 1346 filiam
1498 1289 1674 1348 tuam
1722 1284 2109 1348 Gunnildam
2154 1285 2427 1350 Svenoni
2474 1285 2728 1351 dederis
2772 1309 3064 1367 uxorem,

503 1388 568 1447 et
614 1384 721 1449 ille
765 1387 1047 1452 vicissim
1089 1387 1346 1467 tributa,
1409 1410 1545 1472 qvae
1591 1389 1915 1454 Holsatia¹
1964 1392 2098 1472 regi
2142 1390 2367 1455 Daniae
2416 1390 2681 1471 confert,
2729 1393 3065 1458 condona-

499 1492 721 1571 verit‘23
779 1513 914 1574 qvae
961 1495 1016 1558 si
1057 1493 1174 1558 tibi
1220 1496 1621 1560 conditiones
1663 1495 1840 1560 haud
1882 1497 2111 1579 iniqvae
2154 1496 2465 1576 videntur,
2529 1503 2600 1562 ut
2642 1499 2802 1562 istas
2849 1498 3063 1563 Sveno

501 1597 798 1678 accipiat,
866 1599 1160 1664 efficiam.
1269 1601 1372 1665 Ita
1438 1603 1606 1666 enim
1670 1623 1817 1666 cum
1882 1601 2172 1667 Svenone
2228 1624 2359 1666 non
2420 1608 2493 1667 ut
2533 1605 2783 1686 privato
2829 1605 3062 1687 alquO,

502 1702 617 1766 sed
684 1725 781 1783 ec,
849 1707 952 1769 cui
1015 1706 1200 1786 (licet
1243 1709 1531 1789 captivo)
1575 1714 1717 1774 tota
1759 1708 1971 1773 Dania
2012 1713 2261 1790 pareat,
2308 1709 2628 1791 agendum
2672 1712 2822 1775 erit:
2889 1711 3063 1774 Nam

501 1813 557 1876 si
601 1812 749 1895 qvid
793 1813 1009 1879 durius
1053 1815 1119 1878 in
1164 1836 1309 1879 eum
1355 1818 1670 1895 statuitur,
1717 1816 1783 1880 id
1826 1821 1893 1880 te
1928 1814 2104 1879 haud
2124 1816 2384 1897 impune
2420 1816 2813 1881 ablaturum³
2836 1819 3063 1882 existi-

498 1926 695 1985 mato.
803 1921 918 1986 His
975 1929 1190 1987 autem
1245 1945 1391 1987 cum
1441 1924 1581 1988 Rex
1637 1921 2015 1986 B'urisleifus
2073 1927 2401 2002 annueret,
2464 1923 2796 2006 Sigvaldus
2840 1924 2879 1988 J
2884 1944 3059 1987 oms-

499 2024 772 2107 burgum
817 2048 887 2091 se
935 2030 1221 2109 contulit,
1268 2037 1333 2095 et
1377 2031 1653 2096 Svenoni
1699 2031 1973 2095 sollicito
2019 2029 2341 2111 multaqve
2385 2030 2636 2094 timenti
2677 2032 2965 2095 narravit
2988 2051 3060 2095 se

503 2135 718 2197 omnia
765 2142 1139 2201 exsecutum
1182 2158 1347 2218 esse,
1392 2137 1549 2202 nihil
1587 2143 1857 2215 restare,
1901 2136 2026 2200 nisi
2068 2141 2140 2199 ut
2184 2134 2389 2200 Sveno
2434 2134 2693 2214 tributa,
2741 2157 2877 2219 qvae
2902 2137 3061 2201 Hol-

502 2243 671 2305 satia
732 2245 869 2325 regi
912 2243 1137 2308 Daniae
1194 2245 1487 2323 solveret,
1541 2245 1608 2308 in
1662 2243 2026 2308 universum
2080 2244 2283 2306 missa
2322 2241 2596 2306 faceret:
2663 2243 2930 2306 multum
2977 2243 3063 2308 ad

499 2348 825 2433 utriusqve
889 2352 1059 2432 regis
1115 2351 1490 2434 dignitatem
1544 2356 1610 2414 et
1662 2350 1976 2414 honorem
2031 2348 2247 2433 gloriae
2305 2368 2738 2427 accessurum,
2807 2349 2860 2412 si
2920 2350 3062 2414 Rex

500 2453 705 2519 Sveno
769 2457 837 2519 in
894 2458 1487 2538 potentissimorum
1554 2476 1778 2538 regum
1843 2455 2140 2537 catalogo
2196 2456 2424 2519 merito
2471 2454 2911 2520 recensendus
2955 2461 3058 2520 ta-

495 2546 644 2625 lem.
667 2583 965 2627 socerum
1031 2563 1156 2628 sibi
1219 2563 1543 2647 deligeret,
1610 2564 1715 2645 qvi
1779 2584 1821 2626 a
1880 2560 2136 2626 tributis
2199 2561 2496 2625 immunis
2562 2566 2756 2642 esset,
2822 2562 3060 2645 praedi-

502 2689 678 2732 cans.
724 2667 1065 2733 Burisleifo
1112 2670 1307 2734 etiam
1349 2675 1602 2735 mortuo
1648 2668 2010 2734 Holsatiam
2056 2667 2142 2732 ad
2185 2668 2492 2733 Svenonis
2524 2668 2848 2747 ditionem,
2873 2669 2930 2733 si
2952 2688 3059 2732 su-

496 2779 751 2856 perstes
795 2774 980 2854 foret,
1015 2775 1365 2840 redituram
1401 2778 1460 2840 ei
1492 2777 1662 2840 inter
1697 2780 1937 2839 caetera
1969 2775 2306 2856 persvasit.
2354 2773 2516 2851 Qvid
2545 2774 2805 2839 multis?
2850 2774 3058 2840 Sveno

501 2880 903 2946 conditiones
975 2883 1229 2965 accipit,
1298 2888 1363 2947 et
1425 2884 1655 2947 mirum
1717 2883 1785 2945 in
1848 2880 2110 2945 modum
2176 2900 2431 2963 sponsae
2500 2900 2633 2945 suae
2690 2903 2909 2947 amore
2956 2904 3058 2946 ar-

501 2986 654 3051 dere
675 2987 917 3068 incipit.
991 2987 1262 3071 Jamqve
1287 2990 1456 3071 regis
1492 2994 1557 3053 et
1578 2987 1855 3070 Sigvaldi
1877 2988 2243 3070 nuptiarum
2280 2987 2620 3051 solenniis4
2652 2986 3058 3053 celebrandis

501 3097 715 3157 certus
761 3092 898 3156 dies
946 3096 1370 3174 constituitur,
1421 3094 1504 3159 ad
1549 3115 1686 3176 qvae
1734 3115 1880 3157 cum
1908 3093 2446 3175 Jomsburgenses
2481 3093 2709 3175 aliiqve
2747 3115 3057 3175 proceres

501 3198 966 3277 convenissent,
1021 3199 1399 3281 largissimis
1462 3199 2047 3281 compotationibus
2109 3204 2175 3264 et
2225 3199 2415 3262 variis
2469 3198 2723 3263 facetiis
2770 3199 3059 3277 oblecta-

499 3303 903 3387 tionibusqve
953 3305 1214 3388 (lautius
1260 3308 1428 3371 enim
1480 3311 1544 3370 et
1586 3304 2109 3388 magnificentius
2156 3305 2507 3368 convivium
2550 3309 2703 3368 tunc
2733 3307 3059 3395 ,temporis

497 3431 819 3493 nunqvam
886 3412 1278 3478 celebratum
1343 3412 1561 3491 fuisse,
1638 3413 1841 3476 literis
1910 3410 2287 3475 mandatum
2353 3409 2484 3490 est)
2552 3410 2721 3475 diem
2784 3413 3059 3494 primum

498 3517 962 3599 transigebant.
1074 3518 1207 3595 Qvo
1266 3518 1368 3583 die
1437 3519 1705 3584 consilio
1752 3517 2030 3599 Sigvaldi
2071 3518 2384 3581 velamine
2428 3517 2752 3600 utriusqve
2798 3538 3057 3600 sponsae

497 3622 734 3687 faciem
784 3623 1202 3688 obduxerant.
1289 3626 1591 3689 Insecuto
1636 3644 1827 3688 mane
1875 3644 2021 3687 cum
2054 3623 2331 3706 Sigvaldi
2356 3623 2696 3706 conjugem
2719 3645 2837 3688 sua
2864 3625 3057 3707 longe

497 3730 947 3795 formosiorem
991 3750 1138 3793 esse
1180 3730 1318 3794 Rex
1362 3729 1568 3795 Sveno
1617 3729 2190 3809 animadvertisset,
2236 3729 2383 3811 qvid
2429 3729 2551 3794 sibi
2575 3729 2982 3795 fallaciarum
3018 3753 3059 3796 a

500 3836 798 3920 Sigvaldo
845 3842 1158 3901 structum
1203 3857 1348 3900 esse
1394 3836 1725 3915 subolevit‚
1795 3857 1948 3919 qvas
1992 3842 2230 3914 tamen,
2301 3836 2422 3900 etsi
2467 3857 2861 3920 magnopere
2909 3858 3057 3902 eum

500 3945 939 4022 sollicitarent,
983 3942 1481 4026 prudentissime
1528 3948 1593 4007 et
1637 3944 1877 4025 optime
1926 3942 2363 4008 dissimulavit.
2450 3941 2575 4007 Ubi
2616 3964 2768 4009 vero
2813 3945 3055 4027 nuptiis

496 4051 640 4116 finis
693 4052 1031 4133 impositus
1086 4055 1278 4129 esset,
1337 4049 1542 4114 Sveno
1600 4071 1747 4114 cum
1803 4070 1969 4114 nova
2022 4055 2223 4133 nupta
2266 4050 2528 4132 triginta
2569 4050 2837 4115 navibus
2881 4050 3056 4115 Van-

498 4157 673 4224 dalia
717 4159 919 4237 solvit,
963 4157 1281 4240 pauloqve
1324 4162 1476 4239 post
1519 4157 1712 4222 salvis
1761 4154 2052 4221 omnibus
2096 4156 2163 4219 in
2205 4154 2483 4219 Daniam
2527 4158 2834 4239 pervenit.

570 4333 587 4364 ¹
627 4329 701 4383 cf.
738 4330 925 4400 Knytl.
962 4330 1080 4385 Fm.
1121 4330 1171 4384 S.
1209 4329 1301 4383 xl.
1347 4333 1456 4385 179.

523 4408 529 4415 ’
566 4426 592 4455 ²
627 4425 720 4476 59:
760 4423 1181 4477 condonaveria

571 4518 593 4548 ⁸
633 4516 790 4568 1778:
830 4514 1165 4567 oblaturum.

566 4608 590 4638 ⁴
624 4605 816 4675 Begge
852 4603 1047 4657 Afskr.:
1085 4601 1364 4658 solenniis.
