3350 5234
1526 366 1607 430 37

1387 540 1576 594 GAP.
1628 540 1747 594 IX.

282 666 426 730 Rex
472 666 680 731 Sveno
724 666 977 731 Barom'
1018 666 1461 731 Strutharaldo
1482 672 1666 752 justa
1690 668 1859 747 facit.
1926 664 2634 743 Jomsviehensiumqve·
2668 667 2835 725 vota.

588 855 748 919 Haec
802 862 1143 938 postqvam
1198 863 1384 938 gesta
1428 861 1661 934 essent,
1722 877 1867 919 cum
1909 856 2216 937 temporis
2260 875 2390 917 non
2432 852 2699 916 multum
2742 851 2836 914 in-

279 962 710 1040 tercessisset,
774 962 945 1025 Baro
1000 962 1478 1026 Strutharaldus
1525 962 1845 1043 Sigvaldi²
1888 960 2399 1041 Thorchilliqve³
2460 964 2649 1039 pat-cr
2716 957 2835 1020 hu-

280 1067 490 1129 manis
536 1066 729 1131 rebus
775 1069 1085 1131 eximitur.
1187 1067 1381 1151 Cujus
1423 1068 1628 1133 funeri
1669 1068 1809 1131 Rex
1853 1066 2060 1131 Sveno
2098 1066 2277 1149 justa
2320 1065 2641 1128 soluturus
2688 1061 2826 1143 818-

279 1171 540 1236 1611111111
606 1180 671 1236 61
714 1174 1181 1238 Thorchjllum‘*
1236 1175 1320 1238 ad
1387 1176 1740 1238 convivium
1803 1194 1921 1255 per
1977 1173 2245 1237 nuncios
2303 1168 2630 1234 invitabat.
2720 1168 2837 1245 Qvi

282 1279 503 1341 omnia
544 1278 881 1361 magnifice
932 1280 1405 1362 splendideqve,
1450 1281 1638 1362 idqve
1685 1282 1814 1344 suis
1850 1278 2206 1361 sumptibus
2239 1277 2465 1342 instrui
2497 1276 2835 1358 petierunt,

282 1403 478 1466 seqve
539 1386 837 1466 opinione
896 1386 1166 1450 celerius
1222 1392 1523 1450 venturos
1576 1386 2063 1468 pollicebantur.
2156 1384 2433 1466 Sigvaldi
2488 1380 2836 1464 profectio-

282 1510 432 1552 nem
485 1491 548 1568 ii,
619 1491 839 1573 qvibus
897 1490 1204 1556 Svenonis
1259 1492 1421 1556 fides
1469 1498 1776 1575 suspecta
1820 1496 1977 1570 erat,
2025 1490 2499 1567 dissvadebant,
2546 1487 2835 1551 dicentes

287 1615 433 1658 eum
476 1595 721 1660 fraudis
767 1619 807 1660 a
851 1597 1145 1677 8181761110
1192 1597 1312 1663 sibi
1355 1599 1547 1663 factae
1597 1619 1948 1663 memorem
1995 1599 2075 1663 de
2120 1599 2358 1661 ultione
2391 1595 2832 1677 cogitaturum.

286 1701 565 1778 Qvorum
612 1705 893 1768 consiliis
939 1704 1272 1786 Sigvaldus
1315 1707 1572 1770 minime
1619 1708 2036 1789 acqviescens
2098 1709 2355 1769 centum
2396 1703 2658 1784 triginta
2722 1721 2835 1763 na-

279 1808 483 1888 1111116,
531 1816 861 1893 assumpto
908 1833 1128 1876 secum
1170 1815 1543 1896 praecipuo⁵
1583 1813 2211 1896 Jomsburgensium⁶
2253 1811 2430 1890 flore,
2470 1814 2537 1876 in
2559 1811 2835 1876 Daniam

282 1920 658 1984 transmisit.
765 1919 963 1996 Qvem
1015 1942 1129 1985 rex
1189 1927 1504 2004 apparatu
1559 1928 1623 1986 et
1677 1923 1830 1986 luxu
1881 1923 2058 2004 regio
2106 1927 2444 2004 exceptum
2487 1923 2553 1985 in
2595 1922 2834 2002 regiam

286 2025 526 2091 adduci
572 2027 858 2106 curabat,
905 2028 1084 2110 eiqve
1131 2049 1247 2092 suo
1293 2029 1454 2093 solio
1500 2028 1724 2094 sedem
1767 2031 2122 2112 proximam
2159 2028 2544 2093 destinabat.
2600 2028 2838 2109 Magna

281 2139 418 2198 tum
464 2134 547 2199 ab
595 2135 906 2214 omnibuS,
952 2141 1087 2199 tum
1129 2156 1279 2199 vero
1322 2137 1648 2217 praecipue
1695 2157 1735 2200 a
1770 2135 1810 2199 J
1813 2134 2411 2217 omsburgensibus⁷
2455 2135 2645 2199 animi
2684 2156 2836 2198 con-

283 2242 570 2305 tentione
639 2240 997 2307 bibebatur.
1108 2242 1276 2319 Qvos
1341 2248 1413 2307 ut
1474 2244 1538 2306 in
1603 2244 1868 2307 multum
1933 2244 2058 2307 vini
2122 2243 2523 2326 processisse
2586 2243 2696 2319 ita,
2765 2246 2837 2305 ut

282 2369 489 2430 neqve
533 2367 715 2412 mens
759 2369 961 2431 neqve
1004 2369 1122 2430 pes
1169 2368 1285 2413 suo
1329 2349 1503 2430 fungi
1544 2355 1817 2432 possent
1859 2348 2090 2428 offici0,
2134 2349 2273 2413 Rex
2316 2348 2523 2413 816110
2548 2346 2836 2412 6111111611-

282 2458 579 2531 verteret,
661 2458 733 2516 ut
789 2454 1088 2537 jucundis
1167 2454 1566 2519 sermonibus
1643 2476 1789 2520 sese
1863 2456 2136 2520 invicem
2192 2455 2610 2533 oblectarent,
2679 2474 2834 2536 qvos

288 2560 457 2625 edax
515 2564 768 2641 tempus
830 2565 895 2624 et
946 2560 1261 2625 invidiosa
1331 2564 1652 2625 vetustas⁸
1714 2583 1845 2626 non
1900 2561 2091 2628 facile
2159 2561 2507 2639 abolerent,
2580 2559 2828 2625 orabat.

287 2666 402 2731 Cui
448 2665 810 2748 Sigvaldus:
857 2666 953 2730 Tu
995 2668 1236 2748 primus
1280 2672 1433 2731 1016
1474 2669 1873 2750 posteritatis
1919 2671 2230 2734 memoria
2272 2668 2466 2751 digna
2496 2689 2752 2750 nuncup
2768 2688 2835 2731 6-

283 2772 403 2853 bis,
452 2773 537 2838 ad
581 2795 716 2856 qvae
759 2794 880 2838 nos
924 2778 1149 2838 nostra
1194 2773 1755 2839 conformabimus.
1844 2773 2006 2838 Tum
2047 2795 2189 2839 rex:
2245 2774 2429 2853 Huic,
2474 2775 2688 2855 inqvit,
2725 2794 2829 2837 me

281 2885 429 2943 voto
455 2881 760 2962 astringO,
783 2900 886 2943 1116
911 2885 1059 2943 61116
1083 2880 1423 2944 triennium
1445 2887 1742 2946 exactum
1766 2880 2157 2945 Adalradum
2181 2879 2423 2962 Angliae
2446 2880 2689 2961 Regem
2713 2885 2824 2943 aut

283 3006 481 3066 regno
544 2986 872 3068 pulsurum
917 2990 1028 3050 aut
1073 3007 1108 3050 e
1151 2986 1303 3049 vivis
1351 2986 1766 3069 sublaturum,
1811 2987 2060 3068 hocqve
2104 2991 2299 3068 pacto
2347 2984 2639 3067 Angliam
2681 3006 2827 3050 meo

284 3091 682 3173 adjectarum
742 3092 1029 3173 imperio.
1136 3091 1294 3156 Post
1356 3092 1526 3157 hunc
1595 3092 1927 3174 Sigvaldus
1996 3093 2225 3156 iisdem
2277 3112 2347 3156 se
2401 3090 2609 3156 modis
2663 3091 2834 3156 Prae-

285 3196 531 3261 fectum
593 3198 929 3279 Norvagiae
998 3197 1354 3279 Haqvinum
1433 3205 1858 3264 tractaturum
1916 3198 2334 3281 jurejurando
2402 3198 2829 3262 confirmavit:

285 3301 398 3366 Cui
444 3305 771 3385 suppetias
818 3324 889 3368 se
932 3304 1175 3368 laturos
1210 3304 1732 3370 Jomsvichenses
1779 3304 1863 3368 ad
1908 3326 2105 3368 unum
2153 3325 2374 3367 omnes
2421 3309 2645 3367 sancte
2695 3304 2834 3386 pol-

281 3408 659 3474 licebantur.

1393 3646 1584 3702 GAP.
1629 3646 1715 3700 X.

907 3787 1185 3855 Consilia
1226 3791 1512 3855 Astridae
1568 3790 1870 3874 Conjuqis
1916 3791 2213 3874 Siyvaldi.

588 3978 746 4043 Cum
810 3980 876 4044 in
946 3980 1212 4046 multa-m
1277 3988 1537 4046 noctem
1593 4002 1956 4045 sermonem
2013 3982 2289 4045 convivae
2345 3982 2833 4064 protraxissent,

286 4106 509 4150 somno
572 4106 642 4150 se
689 4092 1203 4169 composuerunt.
1293 4087 1624 4171 Sigvaldus
1667 4109 1838 4167 ver0,
1898 4109 2044 4152 cum
2089 4088 2418 4171 crapulam
2462 4088 2834 4154 edormivis-

285 4199 400 4273 set,
449 4194 530 4259 ab
574 4213 772 4259 uxore
818 4192 1078 4258 Astrida
1123 4196 1436 4260 excitatus
1465 4192 2000 4276 interrogabatur,
2044 4201 2350 4278 possetne
2385 4195 2832 4262 hesternorum

353 4334 369 4365 ¹
407 4333 651 4387 Hermed
685 4332 989 4386 indtraeder
1022 4333 1043 4386 i
1085 4336 1230 4402 1778,
1265 4352 1374 4404 paa
1410 4335 1631 4389 enkelte
1647 4332 1921 4387 nedenfor
1937 4334 2291 4389 bemoerkede
2311 4333 2678 4405 Undtagelser
2696 4353 2833 4406 naer,

405 4423 711 4478 Formerne
743 4424 874 4477 med
912 4423 1124 4500 “Jom“.

347 4517 373 4547 ²
410 4516 565 4569 1778:
604 4513 870 4583 Sigvardi.
1016 4518 1038 4549 ³
1081 4517 1233 4569 1778:
1271 4515 1661 4584 Torchilliqve.
1806 4519 1831 4550 ⁴
1871 4519 2025 4571 1778:
2068 4516 2430 4570 Torchillum.

350 4608 372 4638 ⁵
407 4606 497 4658 59:
533 4596 830 4673 praecipua.
975 4609 997 4640 ⁶
1035 4608 1193 4661 1778:
1229 4606 1746 4677 Jonisburgensium
1837 4612 1860 4642 ²
1899 4611 2055 4662 1778:
2091 4607 2641 4678 Jonisburgensibus.

352 4699 376 4729 ⁸
411 4697 502 4750 59:
537 4699 855 4764 tempestas.
