3350 5234
1706 310 1793 376 30

1557 485 1750 541 OAP.
1796 484 1927 540 111.

848 645 909 710 J
901 646 1308 729 omsburyum
1352 647 1717 711 exstruitur.
1804 643 1865 710 J
1858 642 2404 735 omsburyensium
2449 641 2632 724 leyes.

763 857 1142 923 Palmatoko
1207 859 1538 942 provincia
1603 879 1644 922 a
1696 877 1849 941 rege
1906 856 2183 921 donatus
2228 854 2536 937 oppidum
2579 856 2645 919 in
2690 876 2771 919 ea
2811 855 3030 919 Joms-

456 961 730 1045 burgum
776 961 1016 1029 dictum
1061 966 1632 1048 sumptuosissimis
1687 963 1996 1046 impensis
2042 959 2349 1026 aedificari
2393 961 2654 1026 curavit.
2742 960 2887 1025 Hoc
2930 962 3027 1025 in-

458 1073 561 1132 ter
624 1069 753 1134 alia
786 1076 1075 1152 ‚portum
1138 1071 1364 1137 habuit
1418 1071 1586 1136 vallo
1640 1070 1917 1153 undiqve
1975 1070 2274 1147 cinctum,
2331 1068 2398 1130 in
2454 1087 2574 1149 qvo
2618 1072 2722 1132 ter
2767 1073 3027 1132 centum

459 1174 825 1241 triremibus
889 1177 1075 1242 locus
1140 1184 1300 1242 erat.
1411 1176 1620 1260 Supra
1672 1182 1899 1259 portus
1956 1176 2192 1241 ostium
2236 1195 2540 1259 aggerem
2584 1175 2756 1240 cocti
2798 1174 3022 1238 lateris

461 1286 913 1347 construxerat
967 1284 1366 1363 PalmatokO,
1419 1285 1487 1349 in
1543 1283 1724 1366 cujus
1790 1284 2156 1348 summitate
2200 1282 2755 1366 propugnaculum
2797 1281 3024 1362 ingens

461 1392 602 1452 erat
645 1386 816 1452 ferro
859 1390 1137 1472 undiqve
1180 1393 1537 1456 revinctum
1577 1384 1929 1474 ffirreisqve
1966 1390 2181 1473 januis
2225 1390 2553 1454 munitum.

772 1517 1027 1602 Oppido
1097 1521 1391 1586 omnibus
1467 1520 1604 1587 fere
1667 1521 1953 1586 numeris
2019 1518 2338 1601 absoluto,
2406 1524 2653 1585 statuta
2716 1523 2783 1583 et
2844 1517 3024 1602 leges

458 1623 881 1690 Palmatoko¹
945 1627 1249 1707 condidit,
1307 1650 1443 1711 qvae
1502 1629 1718 1694 omnia
1769 1629 1836 1693 in
1877 1628 1917 1692 J
1921 1627 2476 1712 omsburgensium
2518 1645 2780 1710 gregem
2821 1624 3026 1707 recipi

460 1732 748 1798 volentes
792 1735 1102 1801 inviolata
1146 1756 1403 1802 servare
1445 1736 1854 1802 tenebantur.

621 1841 670 1907 Ι.
714 1843 754 1907 J
757 1844 1316 1929 omsburgensium
1359 1847 1618 1911 civitate
1661 1845 1983 1910 neminem
2028 1843 2257 1908 donari
2297 1840 2399 1907 fas
2446 1847 2603 1922 erat,
2649 1840 2754 1925 qvi
2786 1859 3027 1905 annum

715 1952 924 2017 aetatis
971 1952 1290 2019 decimum
1335 1957 1619 2038 qvintum
1659 1974 1794 2019 non
1826 1953 2166 2036 attigisset,
2212 1955 2278 2017 et
2310 1951 2414 2035 qvi
2439 1949 3029 2035 qvinqvagesimum

717 2078 1015 2124 emensus
1057 2059 1306 2126 fuisset.

586 2164 667 2231 11.
711 2164 935 2231 Nullus
998 2170 1156 2239 item
1218 2168 1260 2235 J
1261 2169 1820 2251 omsburgensium
1884 2166 2034 2233 albo
2097 2165 2365 2232 inscribi
2417 2169 2694 2248 poterat,
2762 2165 2867 2247 qvi
2919 2164 3028 2229 uni

713 2275 952 2341 viribus
1022 2281 1088 2343 et
1144 2279 1337 2344 armis
1384 2276 1507 2343 sibi
1544 2275 1772 2358 aeqvah‘
1816 2279 1928 2339 aut
1971 2273 2168 2339 etiam
2211 2271 2668 2357 aliqvantulum
2713 2271 3029 2355 superiori

715 2387 902 2466 terga
945 2382 1151 2450 daret.

566 2488 678 2555 111.
725 2490 1002 2568 Qvilibet
1046 2491 1310 2557 alterius
1357 2489 1605 2555 caedem
1646 2493 1954 2572 tanqvam
1994 2486 2258 2553 fratris²
2300 2485 2529 2551 ulcisci
2569 2483 2821 2567 legibus
2868 2483 3029 2551 obli-

717 2596 1011 2681 gabatur.

569 2703 677 2768 IV.
720 2703 928 2770 Nemo
974 2705 1332 2771 delationes
1355 2705 1382 2743 ³
1428 2708 1539 2767 aut
1584 2701 1945 2767 discordias
1987 2701 2158 2765 inter
2200 2700 2374 2764 cives
2418 2718 2637 2764 serere
2682 2696 2984 2763 debebat.

601 2810 676 2874 V.
720 2809 884 2877 Novi
927 2812 981 2877 si
1026 2812 1173 2895 qvid
1217 2809 1575 2890 afferretur,
1618 2806 2068 2874 Palmatokoni
2109 2805 2265 2872 illud
2308 2806 2584 2890 primum
2611 2802 3029 2870 indicandum

720 2916 858 2983 fuit.

572 3022 677 3088 VI.
724 3022 791 3088 Si
847 3025 982 3108 qvis
1037 3029 1292 3106 patrem
1346 3028 1457 3089 aut
1497 3022 1764 3088 fratrem
1809 3024 2232 3104 cognatumve
2278 3018 2541 3084 alterius
2588 3017 2743 3083 civis
2786 3015 3039 3083 interfi-

723 3134 918 3210 ceret,
983 3128 1190 3212 idqve‚
1256 3135 1600 3212 postqvam
1670 3128 1929 3193 civitate
1995 3126 2273 3192 donatus
2340 3129 2534 3205 esset,
2601 3123 3030 3206 detegeretur,

718 3236 968 3317 privato
1013 3236 1162 3301 odio
1205 3236 1609 3319 vindictaqve
1653 3232 1987 3318 depositis,
2029 3231 2513 3300 Palmatokonis
2550 3229 2795 3314 judicio
2828 3250 3031 3295 causa

721 3341 1159 3408 submittenda
1202 3346 1268 3408 et
1312 3363 1392 3408 ex
1432 3343 1635 3426 ipsius
1682 3342 2006 3407 sententia
2050 3339 2413 3407 decidenda
2457 3343 2614 3404 erat.

531 3445 665 3510 V11.
714 3446 953 3513 Omnes
996 3450 1298 3515 mulieres
1368 3448 1625 3516 civitate
1677 3450 1823 3534 lege
1877 3453 2194 3532 perpetua
2242 3445 2770 3529 prohibebantur,
2814 3441 3027 3508 Joms-

718 3553 1075 3639 burgenses
1122 3557 1290 3620 enim
1335 3556 1628 3622 caelibem
1667 3557 1867 3621 vitam
1908 3555 2119 3620 vivere
2165 3551 2529 3637 oportebat.

507 3656 673 3723 VIII.
721 3659 892 3725 Nulli
936 3661 1018 3726 ab
1065 3662 1303 3745 oppido
1345 3669 1480 3729 tres
1526 3663 1664 3729 dies
1712 3662 1812 3728 vel
1854 3661 1998 3746 plus
2043 3666 2176 3726 tres
2222 3660 2382 3740 dies,
2424 3655 2891 3725 Palmatokone
2933 3657 3029 3722 in-

726 3768 1041 3848 consult0‚
1090 3767 1322 3835 abesse
1364 3769 1564 3834 licuit.
2839 3781 2844 3785 “

548 3868 670 3940 IX.
711 3872 1035 3949 Manubiae
1099 3879 1165 3939 et
1230 3876 1467 3941 exuviae
1532 3873 1828 3939 hostibus
1895 3872 2205 3938 detractae
2269 3872 2336 3936 in
2392 3872 2759 3937 universum
2821 3871 3029 3937 hastae

719 3979 950 4063 subjici
1014 3981 1170 4063 (hac
1241 3982 1409 4046 enim
1450 3982 1674 4067 phrasi
1716 3981 1917 4045 utitur
1960 3986 2027 4046 at
2068 3966 2234 4044 boere
2277 3979 2352 4044 til
2394 3977 2696 4062 δῒαηρεη)
2742 3983 2808 4044 et
2850 3982 3027 4043 sorte

722 4087 919 4152 ducta
960 4088 1028 4152 in
1068 4087 1305 4154 milites
1347 4088 1640 4155 distribui
1686 4086 2034 4154 debebant.

590 4192 669 4257 X.
712 4194 883 4259 Nulli
926 4193 1210 4261 dicteriis
1267 4195 1538 4261 alterum
1577 4193 1837 4274 laedere,
1890 4214 2032 4274 nec,
2088 4194 2144 4258 si
2189 4213 2326 4277 qvae
2369 4193 2538 4258 inter
2581 4191 2827 4275 aliqvos
2875 4210 3028 4254 con-

717 4301 920 4366 tentio
967 4299 1198 4365 oborta
1242 4305 1435 4380 esset,
1473 4300 1952 4365 contumeliosis
1984 4303 2049 4365 et
2081 4297 2415 4382 probrosis
2447 4297 2660 4363 verbis
2695 4297 3031 4362 incessere

723 4405 824 4470 fas
871 4410 1030 4469 erat.

540 4545 557 4576 ¹
602 4545 765 4598 1778:
800 4542 1179 4596 Palmatocko.

538 4654 564 4686 ²
598 4653 690 4709 59:
726 4651 939 4705 fratres.
1085 4654 1108 4685 ⁸
1146 4654 1306 4708 1778:
1348 4652 1742 4707 delationibus,
