3350 5234
1502 331 1585 393 39

1362 503 1551 558 OAP.
1596 502 1721 556 XI.

802 647 1374 729 Jomsburymses¹
1427 648 1495 710 in
1539 646 1931 726 Norvayiam
1974 646 2305 726 trajiciunt.

1476 766 1614 774 ——-—--

572 815 793 894 Porm,
858 819 929 878 ut
996 814 1271 896 primum
1327 813 1611 878 convivio
1666 811 1811 874 finis
1867 810 2078 875 factus
2136 818 2252 892 est,
2299 811 2629 895 Sigvaldus
2676 832 2819 874 oum

269 922 398 985 702
461 920 812 1003 majoribus
866 920 1132 1002 navigiis
1176 920 1242 983 in
1284 918 1668 1000 Norvagiam
1713 917 2069 980 transmisit
2114 918 2174 981 ei
2214 916 2342 996 fini,
2387 938 2469 981 ne
2517 917 2596 981 de
2640 916 2820 980 hisce

263 1028 541 1109 negotiis
608 1026 936 1108 Haqvinus
1006 1026 1243 1089 certior
1304 1024 1514 1089 factus
1585 1024 1808 1105 copias
1878 1021 2188 1086 conflaret
2232 1043 2504 1104 suosqve
2551 1029 2819 1086 conatus

261 1134 696 1214 interciperet.
783 1131 897 1195 Ille
944 1152 1136 1195 cursu
1175 1132 1416 1213 potitus
1468 1130 1765 1194 secundo
1810 1130 1876 1193 in
1919 1129 2130 1211 vigilia
2172 1129 2520 1193 nativitatis
2566 1129 2821 1192 Domini

265 1238 351 1302 ad
394 1250 635 1320 pagum
676 1236 878 1302 Jadar
921 1237 1167 1319 appulit
1184 1238 1227 1299 ³.
1314 1236 1412 1300 Ibi
1457 1236 1782 1318 depositis
1826 1236 1891 1298 in
1934 1226 2174 1297 terram
2217 1233 2539 1313 militibus,
2598 1235 2822 1317 praeda

262 1346 329 1408 in
396 1345 663 1408 colonos
730 1342 1098 1407 miseranda
1162 1344 1386 1424 agitur,
1455 1347 1520 1405 et
1580 1343 1750 1405 inter
1804 1348 2081 1404 caeteros
2125 1340 2354 1405 nobilis
2402 1339 2670 1422 qvidam,
2719 1341 2821 1404 cui

267 1448 658 1514 Geirmundo
714 1470 949 1513 nomen
1008 1455 1163 1528 erat,
1217 1447 1610 1513 interficitur.
1701 1447 1829 1511 Sed
1884 1467 2029 1511 cum
2072 1446 2432 1527 Haqvinum
2475 1447 2541 1509 in
2585 1446 2816 1510 eadem

262 1556 611 1637 provincia,
658 1556 743 1618 ad
788 1577 975 1637 qvam
1034 1556 1433 1637 appulerunt,
1487 1556 1730 1618 versari
1774 1555 2182 1635 accepissent
2223 1553 2817 1635 Jomsburgenses4,

261 1663 330 1725 in
396 1661 691 1725 Vichiam
758 1666 1237 1740 concesserunt,
1308 1666 1372 1723 et
1429 1659 1871 1743 Tunsbergum
1928 1659 2249 1741 oppidum,
2294 1660 2514 1723 insciis
2563 1660 2821 1739 civibuS,

262 1773 456 1832 nocte
522 1768 912 1849 intempesta
977 1771 1454 1849 oppresserunt,
1527 1770 1601 1829 ut
1665 1766 1854 1829 nullis
1912 1763 2254 1847 effugiendi
2309 1766 2570 1829 daretur
2613 1767 2819 1848 copia,

262 1894 688 1956 magnamqve
754 1875 894 1938 auri
957 1880 1022 1938 et
1086 1874 1334 1956 argenti
1396 1874 1520 1936 vim
1588 1871 1943 1935 interfectis
2007 1872 2389 1952 eripuerunt.
2502 1870 2820 1935 Caeterum

263 1981 359 2043 vir
415 1980 670 2062 qvidam
724 1978 955 2044 nobilis
1009 2000 1258 2061 magnae
1314 1980 1674 2043 autoritatis
1734 1984 1799 2042 et
1843 1976 2016 2059 apud
2060 1976 2421 2058 Haqvinum
2468 1997 2714 2041 summo
2758 1979 2824 2041 in

263 2087 475 2168 pretio
534 2085 809 2165 habitus,
875 2085 1288 2167 Augmundus
1336 2086 1714 2167 cognomine
1760 2083 1978 2162 Albus,
2047 2082 2467 2165 Tunsbergo⁵
2523 2090 2822 2166 praeerat.

262 2192 326 2255 Is
369 2192 518 2255 vitae
565 2191 968 2256 consulturus
1010 2193 1079 2255 in
1123 2192 1667 2272 contignationem
1724 2191 1951 2254 domus
2023 2209 2155 2252 suae
2204 2209 2272 2251 se
2317 2191 2565 2270 recepit
2610 2192 2825 2254 existi-

267 2318 453 2361 mans
502 2318 572 2361 se
616 2297 897 2361 hostium
941 2297 1074 2361 tela
1115 2296 1366 2361 facilius
1410 2296 1559 2360 inde
1602 2297 1966 2359 vitaturum.
2089 2294 2406 2358 Caeterum
2448 2295 2824 2378 Jomsburg-

272 2403 569 2467 ensibus⁶
611 2403 970 2468 tabulatum
1012 2401 1550 2485 perfringentibus
1597 2407 1662 2465 et
1705 2400 2093 2465 frustillatim
2119 2400 2711 2480 0010011000οι111110,
2758 2402 2824 2465 10

269 2511 559 2592 plateam
600 2529 730 2573 non
772 2509 999 2591 procul
1046 2530 1085 2573 a
1128 2509 1352 2590 Vagno
1396 2508 1679 2572 Achonis
1728 2507 1978 2586 desiliit,
2036 2508 2139 2588 qvi
2183 2508 2240 2570 ei
2283 2505 2620 2570 brachium
2661 2528 2826 2588 pree-

271 2616 486 2694 cidit‘l,
556 2621 742 2697 atqve
807 2617 900 2679 ita
958 2617 1024 2679 in
1069 2615 1308 2698 sylvam
1350 2616 1726 2696 proximam,
1792 2613 1962 2677 unde
2019 2611 2208 2677 facile
2256 2614 2826 2678 sermocinationes

269 2722 553 2786 hostium
619 2720 953 2801 audiebat,
1021 2727 1433 2803 autoremqve
1499 2722 1776 2785 vulneris
1854 2726 1989 2784 tam
2058 2721 2294 2783 atrocis
2364 2720 2823 2802 cognoscebat,
2936 2715 2943 2721 ⁴

270 2828 578 2910 pervenit.
668 2828 947 2909 Qvinqve
1003 2833 1219 2892 autem
1273 2828 1610 2891 continuos
1671 2827 1808 2890 dies
1872 2832 1937 2891 et
1985 2831 2213 2890 noctes
2259 2826 2527 2889 totidem
2571 2828 2636 2890 in
2679 2827 2829 2891 soli-

271 2936 493 3000 tudine
540 2933 657 2998 sub
717 2933 822 2998 dio
867 2935 1074 2998 vivere
1122 2933 1474 3016 cogebatur
1488 2936 1533 3012 ⁸,
1599 2938 1942 3014 anteqvam
1988 2932 2071 2995 ad
2114 2932 2264 2995 loca
2305 2931 2668 2997 hominibus
2712 2932 2828 2997 ha-

272 3041 484 3106 bitata
546 3041 877 3123 pervenire
937 3045 1181 3122 posset.
1290 3040 1451 3103 Tam
1514 3038 1870 3103 honorifica
1926 3043 2142 3102 autem
2195 3040 2363 3102 inter
2419 3059 2639 3103 omnes
2691 3040 2828 3123 ejus

277 3152 419 3211 erat
466 3146 660 3225 fama,
703 3152 775 3210 ut
818 3166 1007 3210 nemo
1051 3167 1181 3210 non
1225 3167 1388 3225 eum,
1436 3166 1806 3228 qvocunqve
1843 3144 2107 3209 tandem
2128 3146 2507 3228 perveniret,
2552 3146 2830 3230 benigne

272 3254 616 3335 exciperet,
664 3257 730 3315 et
778 3252 838 3337 ej
883 3251 1106 3317 debita
1147 3252 1564 3315 humanitatis
1611 3250 1827 3314 officia
1877 3257 2241 3333 praestaret.

1344 3520 1535 3576 GAP.
1580 3521 1741 3575 XII.

344 3665 684 3749 Haqvinas
730 3664 805 3731 de
849 3667 1118 3732 averoim
1160 3666 1755 3749 Jomsburqensium
1799 3669 2024 3733 certior
2063 3672 2156 3753 fit,
2202 3667 2451 3753 ejusqve
2497 3669 2759 3736 consilia

1320 3777 1379 3836 et
1420 3780 1791 3853 apparatus.

1477 3893 1615 3900 ——-——-

580 3938 993 4020 Augmundus
1058 3939 1341 4004 hostium
1404 3941 1548 4006 telis
1618 3943 1875 4026 elapsus
1941 3964 2071 4008 non
2139 3943 2315 4027 prius
2383 3942 2464 4008 ab
2518 3944 2777 4028 incepto
2806 3946 2833 3985 ⁹

280 4065 471 4109 cursu
537 4044 798 4123 destitit,
868 4066 1054 4128 qvam
1107 4044 1193 4111 ad
1235 4044 1596 4130 Haqvinum
1637 4049 1705 4113 in
1747 4049 1894 4113 villa
1940 4049 2230 4132 qvadam
2277 4070 2421 4115 cum
2463 4047 2593 4116 filio
2638 4051 2829 4117 Erico

279 4150 537 4217 Barone
584 4155 840 4215 centum
884 4152 1188 4236 stipatum
1236 4153 1656 4220 comitibus¹⁰
1710 4156 2061 4221 convivium
2099 4158 2486 4240 agitantem¹
2507 4160 2528 4199 ¹
2582 4157 2700 4225 sub
2724 4178 2832 4226 ve-

354 4291 373 4324 ²
417 4291 574 4344 17781
609 4289 1060 4360 Jomburgenses.

350 4383 375 4414 ²
409 4380 601 4451 Begge
637 4379 833 4435 Afskr.:
873 4382 1023 4453 “70“‚
1056 4381 1121 4437 cf.
1162 4378 1268 4436 ovf.
1308 4400 1429 4452 cap.
1466 4382 1558 4438 IX.
1598 4394 1639 4436 81
1669 4383 1787 4439 Fm.
1827 4385 1877 4439 S.
1916 4385 2007 4439 XI.
2057 4389 2168 4444 116.

354 4477 375 4508 ³
410 4475 501 4527 59:
540 4473 894 4543 appulerunt·
1034 4477 1058 4510 ⁴
1097 4474 1254 4530 1778:
1289 4474 1768 4545 Jonisburgenses.
1913 4483 1935 4513 ⁵
1971 4479 2127 4532 albus
2161 4478 2492 4550 Jonsbergo.

353 4568 375 4599 ⁰
413 4567 574 4620 1778:
605 4565 1149 4637 Jonisburgensibus.
1277 4570 1298 4600 ¹
1334 4567 1521 4637 Begge
1556 4566 1753 4623 Afskm
1789 4571 2086 4640 praescidit.
2206 4575 2229 4605 ⁸
2268 4575 2426 4628 1778:
2464 4572 2827 4642 cogebantur.

354 4659 377 4691 ⁹
414 4658 572 4712 1778:
608 4656 871 4729 incaepto.
1019 4662 1066 4695 ¹⁰
1101 4660 1197 4716 592
1236 4659 1586 4716 conmitibus·
1737 4663 1783 4698 ¹¹
1823 4665 1981 4720 1778;
2019 4661 2281 4733 agitante.
