3350 5234
1747 349 1827 415 16

510 516 679 599 qvod
745 535 995 581 summa
1055 515 1323 596 urgente
1386 512 1780 579 necessitate
1835 511 2070 579 auxilio
2114 532 2187 578 se
2229 532 2362 581 non
2406 512 2822 587 destituisset.
2915 516 3079 581 Tum

505 623 675 687 inter
717 626 988 699 caetera,
1051 618 1314 684 ubinam
1367 618 1592 701 reliqvi
1631 616 1909 701 Haqvini
1952 619 2221 683 comites
2268 619 2423 701 sint,
2495 626 2703 703 rogat.
2790 621 2929 699 Qvo
2972 642 3078 687 re-

508 725 898 809 spondente,
966 745 1188 789 curam
1229 725 1485 790 navium
1527 723 2065 790 asservandamm
2109 724 2205 789 eis
2250 726 2668 795 commissam
2711 745 2893 807 esse,
2958 745 3077 790 rex

506 833 600 897 sic
643 830 883 896 intulit:
949 831 1174 896 Placet
1213 850 1334 914 per
1387 830 1658 895 nuncios
1713 848 1827 895 eos
1872 828 2106 897 deduci
2148 828 2235 895 ad
2278 832 2666 912 convivium,
2712 830 2884 915 qvod
2924 830 3072 912 tibi,

504 935 795 1020 Haqvine
811 985 826 1016 ,
870 936 1121 1019 tuisqve
1165 935 1361 1000 sociis
1403 933 1849 1003 instruendum
1891 936 2130 1001 curavi.
2196 934 2438 1007 Abnuit
2466 935 2824 1021 Haqvinus,
2868 937 3074 1005 multo.

505 1043 631 1109 sibi
694 1062 844 1109 cum
910 1061 1063 1125 rege
1126 1042 1303 1126 prius
1348 1040 1603 1124 agenda
1644 1040 1950 1109 dictitans
1967 1091 1983 1122 ,
2048 1061 2237 1124 qvam
2275 1042 2345 1111 in
2387 1041 2604 1113 aulam
2645 1041 3069 1115 adducantur.

502 1150 725 1232 Itaqve
778 1149 846 1213 in
903 1147 1210 1214 conclave
1267 1147 1390 1215 soli
1433 1146 1777 1228 secedunt3
1843 1165 1966 1233 qvo
2008 1152 2082 1213 ut
2120 1151 2499 1230 perventum
2543 1153 2673 1230 est,
2736 1147 3068 1232 Haqvinun

505 1255 603 1319 sic
645 1255 824 1338 prior
865 1254 1136 1336 incepit:

807 1359 913 1425 Me
956 1357 1104 1439 tibi,
1150 1377 1189 1423 o
1232 1355 1398 1438 Rex,
1444 1358 1563 1437 ait,
1608 1361 1676 1424 et
1716 1355 1838 1422 hos
1876 1356 2220 1423 duodecim
2258 1359 2527 1423 comites
2559 1378 2741 1427 meos
2787 1357 2876 1427 ad
2898 1379 3067 1443 qvae-

500 1467 595 1531 vis
641 1485 683 1532 a
724 1469 791 1530 te
833 1463 1021 1529 nobis
1063 1462 1353 1545 injuncta
1392 1460 1669 1529 fideliter
1713 1461 2122 1545 exseqvenda
2166 1467 2234 1530 et
2273 1464 2341 1529 in
2382 1462 2577 1531 rebus
2623 1463 2913 1531 adversis
2952 1464 3069 1533 fibi

502 1591 693 1654 opem
755 1568 1089 1635 ferendam
1131 1567 1450 1651 obligatos
1497 1587 1643 1633 esse
1662 1618 1678 1648 ,
1735 1569 2010 1650 ingenue
2052 1568 2284 1637 fateor.
2370 1568 2446 1635 In
2486 1568 2765 1653 reliqvos
2811 1574 3031 1639 autem
3048 1616 3067 1647 ‚

502 1677 606 1760 qvi
647 1695 777 1740 una
818 1694 1076 1741 mecum
1119 1673 1372 1738 advecti
1415 1678 1590 1754 sunt,
1642 1673 1802 1739 nihil
1853 1679 1919 1739 te
1968 1673 2131 1757 juris
2185 1673 2428 1740 habere
2470 1680 2649 1758 puto.
2735 1674 2855 1741 Oui
2894 1674 3065 1746 Rex:

499 1781 647 1847 Non
687 1779 924 1847 infitias
971 1799 1048 1845 eo
1064 1828 1080 1860 ‚
1125 1799 1308 1862 spem
1349 1782 1570 1845 tamen
1612 1778 1939 1862 concipio,
1983 1785 2050 1844 te
2092 1800 2211 1863 pro
2257 1780 2561 1863 singulari
2592 1784 2660 1847 et
2701 1780 3067 1846 arctissima

500 1893 725 1954 nostra
785 1887 1095 1966 amicitia,
1164 1905 1352 1969 qvam
1405 1883 1776 1950 inviolatam
1828 1886 2069 1951 servari
2113 1883 2333 1968 decet,
2390 1907 2536 1957 cum
2577 1887 2755 1953 omni
2794 1886 3067 1955 militum

499 1999 756 2058 tuorum
797 2011 1063 2057 numero
1109 2010 1376 2074 operam
1419 1989 1575 2054 mihi
1614 1990 1978 2055 locaturum
2019 1996 2217 2059 tuam.
2302 1991 2679 2076 Respondet
2700 1991 3064 2075 Haqvinus:

500 2098 671 2163 Num
712 2119 755 2165 a
797 2116 1110 2180 qvoqvam
1150 2095 1592 2178 Norvagorum
1640 2097 1989 2180 impetrare
2030 2102 2281 2179 potero,
2324 2101 2398 2164 ut
2440 2115 2513 2163 se
2553 2098 2762 2164 hastis
2808 2103 2877 2162 et
2917 2097 3063 2165 telis

499 2202 838 2271 hostilibus
896 2202 1138 2268 nullam
1200 2202 1474 2284 gratiam
1487 2250 1502 2281 ,
1559 2201 1801 2266 nullum
1852 2202 2188 2284 praemium
2244 2207 2688 2286 reportaturus
2751 2202 3062 2287 objiciat?

501 2310 662 2374 Tum
723 2309 889 2374 Rex:
958 2306 1194 2386 Qvibus
1261 2326 1382 2390 ego
1449 2304 1676 2371 officiis
1737 2311 1916 2371 tuam
1956 2313 2287 2373 tuorumve
2329 2308 2599 2375 militum
2642 2329 2909 2393 operam
2952 2308 3063 2375 de-

498 2414 843 2483 merebor‘?
930 2414 1048 2480 Cui
1088 2413 1449 2497 Haqvinus:
1492 2411 1597 2491 Id,
1641 2412 1869 2496 inqvit,
1912 2414 2139 2496 paucis
2185 2413 2555 2498 expediam:
2613 2413 2719 2479 Sic
2759 2415 2886 2479 illis
2932 2420 3064 2479 stat

501 2522 853 2600 sententia,
929 2523 1003 2584 ut
1060 2519 1144 2599 si,
1223 2517 1392 2601 qvod
1452 2519 1650 2601 petis,
1728 2516 2017 2584 obtinere
2086 2520 2299 2603 cupis,
2363 2519 2606 2591 tributa
2667 2519 3061 2607 Norvagica‚

501 2648 638 2709 qvae
712 2630 1088 2692 exactorum
1151 2622 1390 2705 aliqvot
1452 2623 1764 2705 angustiae
1780 2672 1795 2703 ,
1860 2643 2091 2708 nempe
2154 2624 2371 2699 bellici
2432 2626 2743 2697 tumultus
2783 2625 3059 2695 reddere

497 2737 861 2812 vetuerant,
905 2731 973 2795 in
1013 2729 1378 2794 universum
1420 2728 1781 2810 condones,
1828 2735 1895 2794 et
1937 2749 2125 2796 omne
2162 2731 2269 2814 jus
2286 2781 2301 2812 ,
2351 2730 2520 2815 qvod
2561 2733 2628 2796 in
2668 2731 3057 2815 Norvagiam

497 2838 741 2904 habere
783 2837 1044 2917 viderie,
1109 2836 1422 2900 remittas,
1525 2833 1708 2911 Qvod
1775 2835 1830 2899 si
1891 2834 2011 2900 has
2070 2837 2470 2902 conditiones
2514 2857 2647 2902 non
2690 2837 3023 2922 acceperis
3039 2886 3057 2918 ,

501 2944 745 3011 abitum
807 2943 978 3008 illico
1042 2942 1384 3006 minantur.
1491 2941 1631 3023 Ego
1697 2946 1913 3006 autem
1956 2947 2023 3008 et
2066 2942 2408 3009 duodecim
2452 2947 2721 3010 comites
2769 2943 2898 3009 mei
2938 2941 3056 3008 tibi

500 3057 791 3116 nostram
846 3067 1139 3133 operam,
1199 3051 1499 3130 qvantum
1550 3048 1618 3111 in
1674 3046 1863 3113 nobis
1908 3052 2042 3128 est,
2095 3048 2480 3121 locabimus.
2567 3050 2692 3114 Hic
2731 3070 2849 3115 rex
2893 3048 3055 3117 obti-

501 3159 660 3237 cuit,
703 3157 1016 3240 longoqve
1079 3152 1459 3236 interposito
1517 3153 1769 3218 silentio
1786 3202 1801 3232 ,
1856 3153 2122 3220 tandem
2170 3156 2239 3219 in
2292 3155 2435 3221 haec
2494 3152 2693 3221 verba
2731 3155 3053 3241 prorupit:

496 3267 697 3344 Qvem
736 3282 868 3326 non
911 3260 1149 3325 astutia
1193 3264 1259 3324 et
1303 3257 1493 3339 dolis,
1537 3258 1859 3341 Haqvine,
1901 3259 2147 3326 vincis?
2213 3261 2414 3338 Qvem
2453 3281 2585 3326 non
2625 3262 2751 3326 tuis
2793 3258 3048 3325 technis

491 3372 805 3437 irretitum
868 3366 1097 3431 tenes?
1180 3364 1553 3430 Miserrimae
1621 3384 1780 3430 sane
1835 3371 1983 3431 sunt
2034 3387 2248 3432 rerum
2289 3387 2580 3433 mearum
2624 3364 3045 3433 conditiones.

492 3478 655 3544 Tum
712 3473 1073 3557 Haqvinus:
1137 3470 1410 3551 Harum,
1463 3470 1664 3568 inqvit
1677 3519 1694 3550 ,
1736 3475 1950 3537 utram
1994 3471 2171 3538 voles
2187 3523 2202 3553 ‚
2249 3472 2487 3556 eligito.
2573 3471 2842 3541 Tributa
2882 3469 3047 3539 Nor-

490 3583 742 3667 vagica,
817 3577 1009 3644 crede
1062 3576 1245 3657 mihi,
1312 3575 1489 3644 haud
1554 3575 1673 3643 tibi
1727 3583 1914 3643 erunt
1968 3579 2415 3660 emolumento,
2480 3579 2538 3647 si
2576 3580 2645 3645 in
2681 3577 2899 3647 Dania
2938 3575 3047 3645 hic

488 3688 772 3756 hostium
837 3683 1029 3751 armis
1084 3681 1250 3749 forte
1309 3682 1640 3749 cecideris.
1729 3683 1890 3751 Tum
1941 3706 2089 3752 rex:
2156 3684 2319 3764 Qvid
2370 3685 2477 3755 hic
2525 3684 2761 3755 diutius
2803 3683 3045 3749 haereo.

489 3796 587 3862 Tu
646 3794 775 3860 tuis
842 3811 948 3857 me
1009 3788 1231 3872 juvato
1298 3788 1532 3889 copiis:
1599 3789 1756 3857 mihi
1821 3792 1992 3857 enim
2045 3791 2300 3860 oblatas
2355 3792 2762 3861 conditiones
2828 3789 3043 3861 subire

491 3906 739 3970 certum
781 3903 901 3965 est.

789 4004 952 4071 Tum
1005 4000 1376 4068 convocatis
1422 4001 1715 4070 omnibus
1768 3998 2045 4088 Haqvini
2088 4003 2489 4088 cohortibus,
2532 4004 2673 4075 Rex
2713 3997 3041 4073 Haraldus

484 4098 750 4195 tributa,
817 4109 1087 4193 deniqve
1147 4107 1439 4192 qvicqvid
1486 4108 1556 4174 in
1607 4107 1995 4194 Norvagiam
2028 4109 2190 4195 juris
2233 4109 2553 4195 obtineat,
2598 4131 2671 4179 se
2711 4110 3042 4178 remittere

485 4219 740 4308 publice
783 4216 1173 4305 proclamat,
1214 4212 1403 4298 idqve
1449 4214 1606 4282 data
1646 4213 1776 4282 fide
1820 4223 1886 4283 et
1929 4216 2170 4285 dextris
2205 4217 2447 4302 junctis
2493 4217 2851 4285 confirmat.

791 4323 1026 4404 Qvibus
1091 4321 1317 4404 gestis,
1384 4323 1760 4388 conscensis
1802 4323 2102 4407 navibus,
2158 4323 2482 4393 Haraldus
2533 4345 2651 4393 sua
2697 4323 2908 4391 classe
2953 4317 3041 4391 ad

487 4431 692 4501 amnis
738 4428 1154 4498 Slesvicensis
1222 4428 1484 4509 ostium,
1526 4427 1857 4514 Haqvinus
1915 4452 2068 4501 vero
2112 4415 2194 4499 ex
2234 4433 2443 4503 altera
2482 4437 2670 4516 parte
2714 4430 2803 4501 ad
2842 4429 3039 4497 Eido-

483 4560 624 4609 ram
664 4537 923 4604 fluvium
965 4534 1228 4622 appulit·
1252 4537 1270 4574 ¹

557 4666 574 4702 ¹
610 4662 731 4719 Fm·.
769 4660 824 4719 S.
859 4661 952 4718 XI.
989 4664 1048 4718 31
1090 4662 1191 4717 har
1222 4659 1406 4735 begge
1441 4659 1461 4715 i
1493 4661 1760 4719 omvendt
1794 4660 2031 4733 Stilling.
