3350 5234
1713 333 1798 398 46

477 516 662 579 qvem
705 497 1058 561 communis
1123 499 1403 561 omnium
1466 497 1591 561 fert
1644 498 1860 580 opinio
1923 498 1990 561 in
2051 515 2320 577 angvem
2380 516 2631 560 versum
2671 497 3015 578 ingentem,

477 621 635 665 auro
677 601 1090 667 incubantem
1132 602 1342 665 sinum
1383 602 1577 666 istum
1621 622 1961 686 occupare.
2047 600 2331 683 Angvem
2374 602 2544 666 enim
2574 606 2726 683 post
2756 601 2824 665 id
2853 601 3014 665 mul-

475 706 670 770 toties
714 713 1136 788 conspectum
1177 707 1535 789 perhibent.

782 812 953 875 Dum
994 813 1136 876 haec
1160 820 1450 894 aguntur,
1497 813 1850 895 Sigvaldus,
1896 830 2178 875 summus
2219 809 2800 875 Jomsvichensium
2841 811 3014 893 prin-

480 937 655 998 ceps,
718 915 871 999 fuga
931 917 1125 995 facta,
1190 922 1263 981 ut
1324 917 1498 982 idem
1554 918 1776 1001 reliqvi
1837 917 2097 995 faciant,
2153 914 2358 998 jubet.
2441 915 2700 997 Vagnus
2758 934 2907 978 vero
2949 913 3018 978 id

474 1020 987 1085 animadvertens
1065 1028 1389 1104 arreptam
1460 1022 1720 1087 hastam
1793 1020 2156 1104 Sigvaldum
2230 1020 2644 1084 confossurus
2715 1021 2782 1083 in
2870 1041 3018 1085 eum

476 1127 681 1203 torsit,
726 1146 861 1209 qvae
906 1132 1123 1190 tamen
1162 1132 1401 1210 praeter
1421 1125 1625 1208 Vagni
1668 1128 2219 1210 exspectationem
2263 1127 2460 1189 virum
2504 1124 2588 1189 ad
2631 1125 2879 1190 clavum
2913 1146 3013 1189 se-

476 1229 736 1294 dentem
777 1232 1208 1296 transvolavit.
1286 1232 1447 1296 Tum
1468 1231 1731 1313 Vagnus
1765 1234 1864 1296 ira
1891 1233 2174 1313 percitus
2196 1230 2602 1295 exclamavit:
2646 1230 3010 1304 Hominum,

476 1334 691 1417 inqvit,
756 1337 1121 1418 turpissime
1187 1342 1253 1401 et
1316 1334 1700 1400 effaeminate
1769 1337 1967 1414 canis,
2031 1355 2146 1399 cur
2208 1336 2449 1418 primus
2504 1337 2782 1399 omnium
2839 1337 3010 1416 turpi

477 1437 643 1521 fugae
695 1446 761 1505 te
817 1440 935 1505 das
989 1447 1243 1523 tamqve
1286 1461 1527 1522 gnavos
1570 1441 1805 1505 milites
1847 1442 1916 1504 in
1959 1441 2260 1505 extremis
2304 1441 2686 1504 constitutos
2729 1439 3019 1504 deseris?

478 1544 820 1626 Egregiam
869 1528 1022 1610 vero
1078 1544 1192 1610 tibi
1235 1545 1817 1628 laudatissimisqve
1858 1544 2467 1623 Jomsvichensibus,
2511 1562 2666 1626 qvos
2711 1543 2968 1609 effrenis
2990 1547 3014 1583 ¹

484 1653 599 1711 tua
641 1650 922 1713 amentia
969 1649 1095 1713 huc
1138 1648 1453 1731 perduxit,
1497 1648 1623 1715 hoc
1666 1656 1864 1732 pacto
1907 1651 2165 1716 laudem
2214 1649 2442 1733 paras!
2526 1649 2729 1713 Aliter
2768 1648 3020 1713 Palma-

480 1751 661 1830 tok0‚
704 1754 759 1816 si
801 1754 869 1816 in
910 1754 1063 1817 vivis
1110 1759 1302 1834 esset,
1345 1755 1684 1821 nobiscum
1727 1761 1967 1837 ageret.
2053 1754 2137 1819 O!
2181 1755 2504 1818 funestum
2548 1753 2739 1831 diem,
2785 1773 2907 1836 qvo
2955 1757 3020 1816 te

484 1858 555 1920 in
598 1856 828 1922 ducem
872 1859 1249 1923 accivimus!

786 1961 1163 2044 Sigvaldus2
1223 1964 1323 2028 his
1386 1965 1543 2028 nihil
1604 1970 1936 2048 permotus
2000 1963 2295 2028 manibus
2345 1962 2739 2046 pedibusqve
2805 1961 3023 2043 fugam

478 2066 880 2131 moliebatur.
966 2069 1130 2133 Eum
1174 2071 1476 2134 continuo
1533 2069 1935 2135 Thorchillus
1979 2070 2198 2150 viginti
2238 2067 2503 2133 navibus
2549 2066 3014 2149 Sigvardusqve

479 2170 702 2252 Capa⁸
754 2172 1074 2255 insequuti
1128 2180 1292 2239 sunt.
1378 2175 1420 2239 J
1422 2196 1646 2257 amqve
1690 2196 1817 2239 nox
1861 2174 2226 2256 appetebat.
2315 2174 2643 2255 Haqvinus
2688 2178 2907 2237 autem
2951 2176 3019 2236 et

476 2275 706 2340 Ericus
772 2298 918 2341 cum
980 2280 1232 2363 reliqvis
1295 2280 1613 2362 Norvagis
1676 2279 2052 2362 proceribus
2115 2280 2183 2343 in
2233 2286 2474 2344 terram
2525 2277 3016 2355 descenderumt,

476 2383 773 2447 custodia
812 2385 989 2466 prius
1031 2387 1263 2466 posita,
1305 2405 1389 2448 ne
1435 2386 1731 2468 cuiqvam
1770 2386 1812 2450 J
1814 2384 2365 2464 omsvichensium‚
2399 2385 2501 2466 qvi
2542 2384 2763 2464 reliqvi
2806 2386 3012 2460 erant,

482 2486 828 2571 effugiendi
871 2509 1022 2571 spes
1068 2496 1261 2554 esset.
2383 2495 2388 2500 ’

785 2585 1113 2686 Haqvinus
1160 2595 1411 2675 deinde,
1455 2598 1746 2660 tentoriis
1788 2597 2052 2678 positis‚.
2077 2595 2235 2659 divae
2258 2593 2647 2677 Thorgerdae
2667 2593 3023 2674 potentiam

480 2699 925 2781 exploraturus
971 2699 1296 2780 grandinis
1339 2702 1574 2765 molem
1615 2703 1855 2765 trutina
1900 2701 2220 2782 expendit.
2308 2699 2502 2781 Cujus
2540 2698 2792 2780 singula
2823 2717 3026 2780 grana

478 2809 753 2868 monetae
806 2804 907 2868 vel
958 2804 1262 2887 ponderis
1305 2806 1497 2888 Eyri⁴=
1548 2807 1891 2871 nominatae
1952 2804 2356 2886 gravedinem
2412 2802 2812 2886 adaeqvabat.
2897 2802 3023 2866 Re-

476 2907 721 2990 liquum
765 2911 977 2973 noctis
1018 2911 1085 2974 in
1126 2910 1403 2995 ligandis
1449 2910 1871 2993 curandisqve
1913 2909 2275 2974 vulneribus
2321 2909 2732 2972 consumitur.

782 3013 982 3076 Porro
999 3016 1028 3053 ⁶
1091 3014 1351 3095 Vagnus
1418 3022 1485 3079 et
1544 3016 1783 3080 Biorno
1847 3013 2251 3092 Bretlandus‚
2318 3015 2421 3096 qvi
2476 3014 2597 3077 soli
2642 3033 2785 3076 cum
2830 3012 3022 3075 sociis

486 3117 817 3198 octoginta
884 3136 961 3178 ex
1023 3116 1065 3180 J
1068 3120 1610 3185 omsvichensibus
1675 3124 2139 3197 remanserant,
2203 3119 2370 3182 inter
2434 3138 2504 3181 se
2553 3116 3021 3195 consultabant,

480 3242 566 3285 an
621 3220 687 3285 in
762 3221 907 3284 navi
970 3220 1297 3302 Haqvino⁶
1359 3244 1430 3287 se
1487 3223 1814 3303 dederent,
1883 3245 1966 3288 an
2008 3243 2158 3287 vero
2223 3221 2535 3287 tentanda
2595 3220 2867 3298 fortuna,
2938 3226 3020 3299 et,

481 3346 567 3392 an
635 3326 792 3390 salvi
859 3331 1099 3388 terram
1163 3327 1373 3410 aliqva
1434 3330 1682 3393 ratione
1734 3330 2097 3412 pertingere
2151 3331 2437 3411 possent,
2491 3325 2868 3390 tentandum
2921 3345 3021 3389 es-

481 3436 601 3495 set.
735 3429 864 3495 Sed
938 3451 1082 3494 cum
1154 3435 1474 3513 posterior
1546 3435 1855 3498 universis
1932 3432 2243 3497 arrideret
2320 3432 2654 3511 sententia,
2719 3430 2891 3495 malo
2956 3430 3023 3494 in

476 3556 655 3600 mare
711 3535 1005 3619 deposito
1070 3556 1291 3602 omnes
1352 3558 1498 3602 sese
1551 3540 2023 3619 commiserunt,
2089 3536 2256 3620 qvod
2299 3536 2384 3600 ad
2428 3534 2761 3618 scopulum
2826 3554 3018 3616 qven-

480 3640 630 3705 dam
709 3662 750 3706 a
827 3642 1191 3706 continente
1257 3643 1448 3724 longo
1525 3643 1978 3725 aliqvantulum
2039 3642 2371 3706 intervallo
2437 3646 2771 3724 semotum,
2838 3660 3022 3722 qvem

477 3751 698 3810 tamen
757 3746 849 3809 ini
909 3769 1027 3829 pro
1096 3749 1458 3812 continente
1522 3746 1850 3812 habebant
1864 3750 1910 3827 ⁷,
1978 3767 2088 3811 eos
2154 3745 2432 3811 detulitss.
2527 3746 2624 3811 Ibi
2683 3746 2901 3827 viginti
2944 3766 3024 3809 ex

480 3851 572 3917 eis
625 3850 954 3916 vulnerum
1012 3854 1255 3918 saevitia
1313 3852 1542 3917 eadem
1593 3858 1785 3917 nocte
1828 3854 2025 3917 vitam
2066 3850 2380 3916 finierunt.
2444 3850 2688 3933 Reliqvi
2730 3852 3022 3915 insecuto

478 3976 667 4020 mane
715 3957 907 4038 capti,
953 3957 1038 4022 ad
1079 3956 1294 4022 funem
1339 3957 1654 4040 qvendam
1697 3958 1939 4041 alligati
1981 3957 2294 4038 supplicio
2340 3956 2853 4022 asservabantur.

778 4061 1060 4127 Eadem⁹
1108 4068 1299 4127 nocte
1344 4062 1669 4146 Haqvinus
1719 4065 1933 4145 ignem
1976 4062 2247 4127 accendi
2291 4067 2642 4141 curaverat,
2705 4061 2791 4126 ad
2835 4081 3021 4144 qvem

487 4184 632 4230 cum
698 4166 867 4231 inter
922 4166 1083 4233 alios
1146 4167 1572 4233 Gudbrandus
1614 4167 1812 4233 Albus
1856 4168 2133 4251 Haqvini
2177 4172 2488 4250 cognatus
2534 4171 2600 4231 et
2643 4167 2885 4232 amicus
2926 4166 3023 4229 in-

554 4345 573 4375 1
612 4343 772 4396 1778:
806 4340 1055 4395 effraenis·
1195 4343 1221 4372 ‘³
1261 4344 1391 4395 1778
1425 4341 1527 4394 har
1559 4339 1691 4393 ikke
1724 4339 2045 4393 Liniebrud.
2195 4342 2219 4374 ⁸
2253 4341 2343 4393 59:
2382 4339 2588 4407 Gaupa,
2645 4340 2804 4392 1778:
2845 4335 3015 4406 Capu.

549 4434 574 4466 ⁴
608 4432 798 4502 Begge
827 4431 1117 4485 Afskrister
1149 4430 1253 4483 har
1287 4429 1504 4499 “Eyri“.
1649 4434 1671 4464 ⁵
1711 4434 1842 4485 1778
1876 4430 1977 4483 har
2009 4429 2141 4482 ikke
2174 4428 2498 4483 Liniebrud.

551 4525 574 4556 ⁶
613 4524 770 4576 1778:
807 4521 1064 4589 Haqvini.
1207 4525 1231 4553 ⁷
1270 4523 1429 4574 1778:
1465 4521 1728 4575 habebat.

548 4616 572 4646 ⁸
604 4611 903 4665 Punctum:
942 4609 1407 4664 “Sed—detulit“.
1447 4612 1580 4665 saal.
1615 4611 1636 4663 i
1670 4611 1856 4679 begge
1890 4609 2066 4663 Afslm
2179 4613 2203 4644 ⁹
2224 4611 2357 4664 1778
2389 4609 2493 4663 har
2524 4608 2656 4661 ikke
2690 4605 3022 4671 Liniebrud,
