3350 5234
1764 351 1848 413 24

524 511 806 591 Talibus,
874 514 1090 593 inqvit,
1154 533 1391 595 regem,
1457 515 1629 578 omni
1696 516 1994 596 deposita
2055 514 2411 593 formidine,
2466 521 2801 597 assumpto
2860 521 3084 580 tecum

522 638 742 700 puero,
808 618 1171 699 alloqvitor:
1279 618 1370 682 Te
1428 620 1654 698 solum,
1699 620 1834 683 Rex
1880 619 2317 697 Serenissime,
2361 619 2549 702 hujus
2593 621 2778 702 pueri
2820 628 3080 702 patrem

524 724 841 805 compello
895 726 1353 808 propalamqve
1415 727 1679 791 fateor)
1809 726 1873 789 Is
1917 734 2134 790 autem
2211 725 2727 808 qvalitercunqve
2771 726 2920 790 haec
2968 747 3078 790 ex-

523 832 785 913 ceperit,
849 837 919 893 tu
986 832 1147 910 vide,
1213 854 1295 896 110
1362 854 1547 915 qvem
1610 832 1728 896 tibi
1789 832 2037 914 injiciat
2078 833 2392 908 timorem,
2459 851 2663 912 neqve
2710 831 2880 894 enim
2925 852 3073 896 meo

522 937 773 1000 carebis
840 936 1151 1005 subsidio.
1242 938 1360 1002 Hla
1414 938 1603 1001 dictis
1658 937 1927 1002 audiens
1979 937 2290 1001 mandata
2341 935 2617 1000 fideliter
2658 938 3079 1018 emeqvitnr.²

517 1044 677 1107 Tum
724 1064 835 1107 rex
882 1043 1394 1126 indignabundus
1441 1045 1558 1107 ait:
1607 1044 1786 1108 Cedo
1832 1064 2066 1107 nomen
2107 1050 2303 1107 tuum.
2373 1041 2652 1123 Cumqve
2683 1042 2841 1106 illa³
2887 1042 3074 1106 Sam-

516 1171 663 1213 aesae
710 1150 829 1213 sibi
873 1171 1105 1213 nomen
1150 1169 1296 1213 esse
1342 1150 1668 1227 fateretur,
1713 1170 1824 1212 rex
1867 1152 1965 1213 ira
2007 1149 2330 1231 percitus:
2378 1147 2502 1226 abi,
2545 1149 2761 1230 inqvit,
2824 1149 2888 1211 in
2935 1170 3071 1212 ma-

516 1257 648 1320 lam
690 1278 846 1333 rem,
912 1255 1485 1337 impudentissima,
1543 1262 1609 1318 et
1666 1256 1851 1333 scit0,
1908 1256 1962 1318 si
2017 1255 2251 1337 saepius
2293 1253 2522 1317 isthaec
2565 1254 3073 1335 ingeminaveris,

518 1384 645 1427 11011
687 1368 753 1425 te
799 1361 861 1425 id
906 1363 1163 1443 impune
1209 1360 1633 1425 ablaturam.⁴
1717 1361 1875 1424 Tum
1919 1360 2328 1425 Palmatoko:
2393 1359 2469 1423 Id
2513 1380 2706 1422 unum
2749 1358 3074 1423 faeminam

517 1471 735 1534 dicere
804 1468 1116 1543 existimO,
1183 1467 1351 1548 qvod
1403 1467 1794 1529 necessitate
1851 1467 2188 1548 compulsa
2237 1486 2370 1529 11011
2410 1466 2620 1546 potuit
2661 1485 2790 1528 non
2835 1465 3071 1543 dicere,

518 1585 584 1640 et
628 1582 803 1639 certe
846 1573 913 1635 id
956 1572 1107 1634 mihi
1162 1573 1356 1635 vitam
1399 1593 1735 1653 moresqve
1779 1572 2091 1655 probavit,
2137 1577 2224 1649 ut,
2270 1571 2438 1653 qvod
2481 1574 2829 1649 asseverat,
2867 1572 2934 1633 in
2957 1571 3071 1634 du-

514 1682 689 1745 bium
742 1699 1050 1743 revocare
1094 1699 1223 1741 non
1268 1680 1529 1760 possim.
1636 1679 1723 1743 Et
1775 1698 1896 1760 ego
1941 1679 2115 1762 (qvia
2153 1697 2291 1742 rem
2334 1676 2450 1740 tibi
2492 1681 2742 1758 gratam
2787 1696 2892 1739 me
2935 1675 3071 1739 fac-

507 1794 718 1849 turum
773 1786 1022 1866 putavi)
1077 1783 1183 1847 hic
1249 1804 1394 1848 eam
1455 1790 1660 1848 totum
1715 1784 2056 1847 triennium
2126 1804 2272 1846 cum
2335 1781 2465 1845 filio
2511 1781 2661 1845 alui.
2750 1779 2869 1845 Oui
2909 1802 3065 1844 rex:

513 1892 685 1955 Nihil
728 1891 954 1968 minus,
990 1889 1396 1968 PalmatokO,
1445 1889 1830 1972 cogitabam,
1876 1910 2064 1971 qvam
2107 1895 2172 1952 te
2215 1889 2374 1952 talia
2418 1894 2645 1952 contra
2685 1907 2789 1950 me
2825 1886 3071 1950 machi-

515 2004 831 2061 naturum.
898 1994 1116 2058 Isthuc
1161 1994 1396 2073 hercle,
1444 1996 1534 2058 ait
1576 1994 1976 2072 PalmatokO,
2020 2014 2151 2058 11011
2173 1994 2320 2057 feci.
2384 1993 2644 2057 Interea
2681 1998 2918 2070 tamen,
2943 1991 3070 2054 hoc

514 2103 628 2165 tibi
692 2101 1104 2184 persvadeas,
1171 2101 1376 2178 velim,
1441 2102 1533 2165 ita
1576 2122 1682 2165 me
1750 2122 1896 2164 cum
1949 2120 2153 2182 puero
2198 2107 2509 2178 acturum,
2575 2119 2653 2162 ac
2699 2118 2848 2161 eum
2891 2098 3069 2180 Rege

516 2206 801 2271 Haraldo
864 2206 1204 2270 Gormonis
1260 2213 1482 2270 natum
1538 2213 1718 2270 certo
1765 2214 2064 2271 statuam.
2154 2207 2282 2271 Sed
2323 2227 2494 2270 nunc
2536 2205 2679 2269 haec
2723 2204 2929 2267 missa
2970 2203 3070 2267 fa-

512 2314 774 2376 ciamus.
864 2312 1132 2395 Scyphis
1178 2314 1343 2377 alter
1384 2314 1655 2377 alterum
1700 2312 2116 2378 oblectemus,
2201 2313 2360 2377 Post
2399 2312 2542 2375 haec
2602 2332 2736 2390 rex,
2791 2309 2980 2374 nullis
3027 2330 3068 2372 a

512 2417 925 2483 Palmatoko⁶
968 2426 1232 2483 ornatus
1276 2419 1656 2497 honorariis,
1721 2439 1851 2482 11011
1895 2421 2031 2484 81110
2074 2420 2315 2502 ingenti
2360 2417 2696 2481 stomacho
2742 2416 3064 2480 discessit.

512 2522 891 2589 Palmatoko
958 2544 1038 2587 ex
1104 2522 1286 2588 Oliva
1349 2523 1547 2587 filium
1608 2525 1866 2589 nomine
1931 2526 2264 2590 Achonem
2330 2525 2631 2606 suscepit,
2687 2543 2876 2605 qvem
2922 2542 3069 2586 cum

513 2628 805 2695 Svenone
880 2627 1144 2693 educari
1209 2635 1275 2693 et
1335 2636 1668 2713 utrumqve
1731 2630 1798 2695 in
1842 2632 2086 2697 artibus
2150 2633 2230 2696 iis
2272 2629 2669 2713 temporibus
2736 2629 2803 2694 in
2855 2628 3065 2712 pretio

513 2735 754 2801 habitis
798 2734 996 2799 imbui
1042 2736 1303 2801 curavit.

1586 3062 1776 3119 OAP.
1822 3064 1975 3121 XV.

640 3220 839 3288 Saeuo
882 3242 1077 3287 naves
1105 3223 1292 3302 patri
1333 3229 1649 3305 extorqvet
1691 3245 1763 3288 ac
1802 3227 1871 3289 in
1914 3226 2049 3306 ejus
2090 3245 2283 3306 γε’-9110
2313 3227 2656 3304 piraticam
2700 3228 2956 3287 exercet.

819 3434 1025 3500 Sveno
1071 3456 1308 3499 annum
1351 3435 1561 3499 aetatis
1606 3456 1807 3518 agens
1852 3435 2170 3500 decimum
2214 3436 2497 3518 qvintum
2541 3456 2582 3500 a
2602 3433 3064 3500 Palmatokone

514 3541 865 3606 educatore
930 3561 1047 3605 suo
1115 3543 1490 3622 accersitus,
1557 3542 1707 3624 qvid
1771 3542 1851 3607 de
1915 3563 2130 3606 rerum
2194 3561 2454 3607 suarum
2508 3547 2683 3607 statu
2727 3541 3063 3622 cogitaret,

514 3646 756 3730 qvodve
820 3647 965 3710 vitae
1031 3668 1232 3728 genus
1299 3649 1537 3713 sectari
1587 3649 1796 3728 vellet,
1839 3647 2378 3731 interrogabatur.
2467 3648 2586 3727 Qvi
2628 3669 2699 3712 se
2744 3647 2813 3712 id
2855 3652 3064 3711 totum

514 3752 883 3818 educatoris
952 3753 1050 3816 8111
1105 3751 1349 3835 judicio
1409 3758 1475 3818 et
1524 3754 1837 3820 voluntati
1889 3755 2278 3839 permittere,
2326 3776 2367 3820 a
2411 3775 2534 3839 qva
2574 3775 2657 3820 ne
2698 3753 2902 3818 latum
2945 3774 3062 3817 un-

512 3880 697 3943 gvem
763 3857 1097 3924 discedere
1161 3859 1372 3941 vellet,
1434 3860 1790 3944 respondit.
1923 3860 2039 3928 Cui
2112 3860 2523 3926 Palmatoko:
2592 3859 2901 3945 siqvidem
2974 3859 3069 3925 ita

513 3971 646 4032 stat
708 3963 827 4032 tibi
870 3965 1208 4045 sententia,
1273 3987 1593 4051 nunqvam
1634 3988 1784 4032 mea
1826 3988 2043 4052 opera,
2089 3967 2301 4052 qvoad
2341 3967 2578 4048 vixer0,
2642 3963 3060 4033 frustrabere.

510 4071 654 4138 Hoc
720 4073 932 4157 itaqve
995 4073 1270 4156 primum
1322 4074 1440 4139 tibi
1483 4073 1796 4140 svadebo:
1840 4074 2228 4141 Permutato
2271 4073 2498 4140 habitu
2539 4074 2711 4140 lares
2756 4080 3064 4158 paternos

510 4179 678 4243 vises
721 4200 1071 4262 pannosus,
1116 4179 1375 4264 ejusqve
1419 4179 1617 4246 filium
1658 4187 1726 4246 te
1771 4201 1917 4247 esse
1954 4178 2266 4247 audacter
2309 4180 2731 4247 asseverabis.
2844 4179 3068 4245 Paruit

512 4282 739 4365 SvenO,
802 4284 1026 4368 hisqve
1084 4287 1432 4354 instructus
1493 4289 1560 4352 in
1604 4294 2025 4373 conspectum
2068 4287 2272 4372 patris
2318 4286 2417 4351 sui
2457 4287 2691 4371 prodit.
2783 4286 2899 4353 Cui
2944 4309 3063 4355 rex

511 4390 1099 4457 stomachabundus
1145 4394 1238 4458 sic
1280 4394 1640 4479 respondit:
1726 4394 2089 4479 Impudenti
2129 4401 2335 4460 matre
2376 4399 2443 4458 te
2486 4399 2709 4460 natum
2751 4414 2899 4462 esse
2937 4416 3068 4460 non

585 4560 601 4594 ¹
644 4561 799 4613 1778:
836 4521 1128 4627 propalam
1159 4557 1354 4612 fateor.
1500 4561 1526 4591 ²
1560 4560 1654 4612 59:
1692 4557 1993 4627 exeqvitur.
2141 4559 2163 4591 ⁸
2201 4560 2360 4614 1778:
2395 4554 2548 4609 illud.

578 4656 605 4688 ⁴
643 4654 800 4708 1778:
839 4650 1162 4705 oblaturam.
1308 4655 1330 4685 ⁵
1364 4651 1553 4720 Begge
1589 4651 1784 4704 Afskr.:
1824 4648 2234 4720 „Palmatoko“.
