3350 5234
1777 359 1864 423 34

532 526 773 591 nullam
834 524 975 590 fieri
1039 524 1354 607 injuriam,
1418 525 1473 589 si
1537 544 1667 587 non
1712 524 1971 606 segnius
2029 544 2236 606 qvam,
2304 525 2407 606 qvi
2450 524 2768 589 decimum
2810 527 3102 607 qvintum

533 653 771 697 annum
817 637 1064 715 ageret,
1112 651 1264 695 suas
1307 636 1530 713 partes
1574 634 1913 708 tutaretur,
1960 630 2290 712 simulqve,
2313 637 2543 695 vocato
2566 629 2881 713 Sigvaldo,
2928 653 3100 698 anne

532 758 603 803 se
658 740 860 821 recipi
913 738 1083 816 velit,
1134 737 1506 819 interrogat.
1608 735 1727 813 Qvi
1785 757 1931 800 cum
1984 735 2273 800 similiter
2331 736 2643 801 abnueret
2681 738 3096 819 praetendens

530 843 825 926 Vagnum
893 843 1133 908 nullam
1196 863 1333 907 rem
1394 842 1880 907 memorabilem
1936 843 2237 924 gessisse,
2305 863 2346 905 a
2397 842 2621 924 Vagno
2674 843 2758 906 ad
2811 866 3098 927 pugnam

526 951 819 1015 navalem
863 948 1337 1033 provocabatur
1377 948 1503 1013 hac
1551 948 1935 1027 conditione,
1977 953 2068 1026 ut,
2110 949 2164 1012 si
2191 945 2521 1029 Sigvaldus
2546 950 2840 1030 superior
2860 951 3094 1016 evade-

533 1062 653 1135 ret,
721 1056 984 1139 Vagnus
1040 1076 1186 1119 cum
1241 1055 1373 1119 suis
1429 1055 1826 1131 discederet3
1891 1055 1989 1117 sin
2041 1073 2192 1117 vero
2235 1052 2362 1133 hic,
2423 1054 2678 1118 civitate
2723 1054 3092 1121 donaretur.

536 1160 870 1244 Sigvaldus
911 1161 1067 1225 nihil
1102 1166 1442 1226 cunctatus
1479 1183 1621 1225 cum
1657 1161 1885 1242 Vagno
1918 1158 2344 1243 congreditur,
2381 1181 2596 1242 pugna
2636 1163 2954 1226 acerrima
2973 1163 3092 1228 ini-

532 1274 653 1333 tur.
698 1268 967 1349 Jamqve
1006 1266 1320 1348 Sigvaldi'
1357 1287 1511 1350 pars
1541 1265 1914 1331 inclinabat.
1960 1265 2123 1329 Tum
2142 1264 2522 1330 Palmatoko
2555 1266 2986 1348 proclamanS,
3019 1274 3094 1333 ut

532 1374 615 1439 ab
661 1375 855 1439 armis
901 1373 1287 1452 abstineant,
1324 1373 1537 1456 jussit.
1606 1372 1817 1436 Finito
1853 1371 2155 1436 conflictu
2191 1392 2271 1435 ex
2305 1370 2585 1453 Sigvaldi
2617 1372 2955 1438 comitibus
2977 1376 3112 1438 tri--

536 1481 733 1563 ginta,
778 1480 985 1563 Vagni
1027 1500 1176 1544 vero
1225 1479 1452 1544 decem
1494 1478 1941 1543 tantummodo
1987 1478 2335 1542 desiderati
2380 1484 2543 1541 sunt.
2631 1477 2891 1561 Vagnus
2936 1488 3092 1563 post

530 1585 598 1649 id
656 1605 903 1649 summo
964 1587 1245 1650 omnium
1300 1604 1622 1649 consensu
1668 1584 1925 1649 civitate
1972 1584 2253 1649 donatus
2297 1585 2493 1648 vitam
2537 1605 2722 1649 suam
2765 1592 2831 1650 et
2872 1607 3089 1651 mores

533 1693 836 1756 comitate
903 1697 970 1755 et
1009 1690 1459 1756 benevolentia
1501 1691 1797 1756 omnibus
1839 1689 2151 1773 probavit,
2195 1692 2427 1755 virtute
2462 1692 2659 1756 etiam
2690 1691 2926 1757 bellica
2946 1693 3085 1775 ple·
3131 1746 3136 1749 .

532 1797 742 1878 risqve
786 1796 825 1861 J
830 1797 1396 1879 omsburgensibus
1443 1797 1834 1862 antecellere
1881 1799 2160 1863 omnium
2203 1797 2468 1861 calculis
2502 1797 2867 1862 declaratus
2913 1806 3033 1863 est.

1604 2056 1792 2113 OAP.
1842 2054 2002 2110 VII.

710 2181 1074 2247 Palmatoko
1117 2184 1399 2247 moritur.
1491 2181 1830 2266 Siyvaldus
1875 2183 1935 2247 J
1927 2182 2488 2265 omsburyensibus
2517 2184 2895 2266 praeficitur.

835 2349 1133 2414 Triennio
1176 2355 1328 2432 post
1367 2356 1705 2433 receptum
1744 2352 1810 2414 in
1855 2349 2161 2432 oppidum
2204 2348 2497 2430 Vagnum
2540 2349 2782 2431 elapsQ
2825 2349 3083 2411 inmor-

528 2454 683 2519 bum
724 2454 1105 2519 Palmatoko
1148 2456 1390 2535 incidit,
1436 2477 1621 2538 qvem
1664 2456 1774 2520 ubi
1819 2456 1903 2520 ad
1940 2463 2293 2520 extremum
2323 2456 2663 2518 terminum
2686 2455 2883 2519 vitam
2905 2474 3087 2517 suam

534 2560 957 2625 deducturum
1015 2562 1227 2625 animo
1280 2561 1664 2644 provideret,
1727 2583 1873 2626 eum
1927 2559 2267 2625 Burisleifo
2312 2560 2507 2643 Rege,
2554 2561 2843 2642 qvisnam
2874 2560 3086 2624 Joms-

529 2665 956 2748 burgensibus
1016 2666 1466 2749 praeficiendus
1524 2673 1719 2746 esset,
1776 2668 2114 2731 consilium
2155 2667 2312 2731 iniit.
2399 2667 2537 2730 Rex
2580 2673 2794 2732 autem
2837 2666 3086 2731 Palma-

530 2771 770 2851 tokoni,
837 2792 1022 2853 qvem
1083 2771 1333 2836 libitum
1395 2774 1519 2855 ipsi
1584 2772 1771 2852 foret,
1838 2792 2288 2837 successorem
2354 2772 2630 2855 eligendi
2693 2778 3088 2855 potestatem

530 2878 703 2943 fecit.
814 2877 948 2957 Qvi,
1004 2879 1225 2959 gratiis
1268 2877 1608 2961 magnifiee
1667 2880 1852 2957 actm,
1912 2877 2279 2961 Sigvaldum
2321 2880 2388 2942 in
2432 2899 2616 2943 suum
2656 2879 2872 2943 locum
2916 2878 3087 2943 suffi-

534 2981 831 3047 ciendum
893 2988 1030 3047 tum
1097 2984 1179 3048 ob
1237 2986 1525 3068 corporis
1582 2987 1749 3049 vires
1797 2986 2062 3049 eximias
2109 2991 2244 3049 tum
2288 3005 2437 3048 vero
2481 2985 2805 3066 praecipue
2856 2983 2939 3049 ob
2984 3004 3086 3047 sa-

530 3089 715 3169 piens
774 3088 1099 3170 solersqve
1154 3090 1478 3171 ingenium
1524 3091 1804 3156 dicebat.
1906 3091 1982 3155 Id
2024 3112 2196 3173 rege,
2245 3111 2391 3162 suo„
2422 3091 2575 3155 dato
2620 3088 2943 3172 suffragiO,
2985 3111 3087 3153 ra-

531 3199 667 3257 tum
709 3192 989 3258 futurum
1030 3196 1462 3276 promittente,
1507 3195 1888 3261 Palmatoko
1934 3195 2161 3262 morbo
2206 3198 2411 3260 victus
2456 3197 2530 3259 in·
2563 3196 2699 3259 fata
2745 3197 3086 3260 concessit.

839 3300 972 3377 Qvo
1008 3307 1279 3380 mortu0,
1331 3300 1610 3384 Sigvaldi
1653 3302 1695 3368 J
1698 3302 2258 3385 omsburgensium
2298 3302 2590 3386 praefecti
2618 3292 2856 3384 partim
2891 3301 3088 3383 negli-

531 3406 747 3488 gentia
809 3408 1047 3489 partim
1089 3408 1284 3472 etiam
1325 3408 1557 3491 injuria
1598 3409 1777 3492 leges
1820 3409 2140 3492 paulatim
2179 3408 2404 3473 violari
2448 3415 2514 3473 et
2555 3406 2810 3490 infringi
2854 3428 3086 3491 coepe-

529 3517 699 3575 runt.
783 3511 932 3575 Jam
975 3513 1145 3577 enim
1186 3514 1488 3579 mulieres
1531 3516 1595 3580 in
1646 3515 1875 3581 urbem
1917 3521 2198 3598 receptae
2245 3521 2409 3595 sunt,
2456 3514 2704 3597 aliaqve
2747 3512 2993 3595 legibus
3048 3535 3091 3578 a

530 3617 993 3683 Palmatokone
1036 3618 1186 3683 latis
1228 3622 1444 3702 vetita,
1494 3642 1631 3704 qvae
1675 3643 1759 3687 ne
1804 3624 2005 3687 semel
2048 3622 2303 3705 qvidem
2347 3641 2425 3686 eo
2459 3621 2596 3686 vivo
2620 3624 2873 3685 tentata
2890 3618 3087 3700 fuere,

536 3724 1119 3789 committebantur.

1591 3928 1783 3985 OAP.
1828 3928 2022 3984 VIII.

535 4054 736 4120 Sveno
783 4053 946 4119 dolis
993 4053 1275 4137 Siqvaldi
1319 4057 1388 4120 in
1442 4054 1813 4123 Vandaliam
1853 4057 2111 4139 vehitur,
2168 4063 2227 4123 et
2264 4059 2464 4143 filiam
2507 4058 2706 4143 Reyis
2748 4057 3080 4142 Burisleift

1568 4184 1830 4229 uxorem
1873 4164 2059 4229 ducit.

1745 4282 1883 4291 0——

835 4326 1166 4394 Vandaliae
1197 4326 1358 4411 Regi
1389 4329 1731 4397 Burisleifo
1764 4331 1896 4396 tres
1933 4337 2117 4398 erant
2150 4330 2316 4414 filiae,
2345 4353 2608 4417 qvarum
2631 4337 2790 4399 natu
2810 4333 3091 4399 maxima

531 4542 724 4607 tertia
768 4540 952 4607 Geila
992 4546 1150 4606 natu
1191 4542 1470 4624 minima,
1517 4565 1653 4628 qvae
1701 4544 1863 4611 Olao
1909 4546 2290 4631 Triggonis²
2331 4553 2567 4632 postea
2599 4548 2840 4633 nupsit.

607 4685 625 4716 ¹
664 4682 820 4738 1778:
857 4680 1137 4754 Sigvaldo‚
1171 4682 1193 4737 i
1227 4683 1296 4739 59
1330 4699 1493 4754 synes
1529 4682 1777 4755 Sigvaldi
1812 4690 1987 4743 rettet
2023 4688 2089 4743 til
2125 4686 2391 4760 Sigvaldo
2539 4690 2564 4722 ²
2594 4690 2691 4744 59:
2728 4686 3051 4760 Tryggonis.
