3350 5234
1485 351 1570 416 49

258 515 436 579 duxit
497 533 780 594 uxorem,
846 514 1173 596 primoqve
1237 536 1385 579 vere
1454 514 2103 598 magnificentissimis
2159 513 2241 579 ab
2286 514 2476 579 Erico
2522 513 2798 578 donatus
2865 521 2869 524 ⁴

255 619 623 684 muneribus
666 620 734 683 in
774 619 1066 683 Fioniam
1107 621 1480 701 transmisit,
1529 621 1633 685 cui
1675 620 1942 685 multum
1988 619 2215 701 diuqve
2249 624 2386 683 tam
2417 618 2588 684 bello
2614 639 2799 701 qvam

255 745 421 807 pace
479 725 745 807 insignis
802 723 1075 807 praefuit.
1163 724 1494 806 Sigvaldus
1537 745 1689 791 vero
1736 725 2257 806 Thorchillusqve
2302 723 2533 790 fratres
2580 723 2800 788 Selan-

257 831 378 895 diae
427 851 676 895 summa
722 851 867 895 cum
908 830 1100 894 laude
1143 832 1555 914 imperarunt.
1643 831 1790 895 Fuit
1834 835 2048 895 autem
2094 829 2424 913 Sigvaldus
2464 834 2612 893 ante
2639 814 2800 893 alios

260 936 340 1001 ob
390 938 648 1019 sapiens
695 935 1022 1018 solersqve
1065 938 1386 1018 ingenium
1431 936 1977 1015 commendabili8‚
2025 937 2127 1018 qvi
2171 936 2338 1018 qvali
2383 941 2558 1000 esset
2590 936 2801 999 animo

254 1044 460 1125 primo
503 1044 733 1106 intuitu
778 1048 842 1107 et
883 1043 1088 1124 primo
1136 1063 1486 1125 congressu
1527 1043 1702 1107 haud
1743 1043 1933 1107 facile
1979 1047 2119 1106 erat
2163 1041 2557 1123 dignoscere.
2640 1042 2801 1106 Mul-

256 1154 326 1212 ta
371 1147 450 1213 de
497 1169 574 1213 eo
621 1148 830 1212 adhuc
878 1149 1443 1213 commemoranda
1483 1154 1750 1227 restant,
1784 1168 1919 1230 qvae
1944 1149 1983 1226 ¹,
2032 1149 2326 1229 qvoniam
2368 1147 2799 1228 peculiaribus

260 1260 410 1317 sunt
450 1253 768 1318 mandata
810 1254 1113 1318 historiis.
1159 1254 1236 1316 iis
1285 1253 1576 1317 consulto
1623 1253 2136 1336 supersedemus,

562 1357 870 1423 Confecto
916 1358 1085 1423 bello
1128 1358 1614 1438 Jomsvichensi,
1659 1359 1987 1440 Haqvinus
2013 1357 2349 1439 Norvagiae
2383 1378 2649 1439 regnum
2673 1374 2804 1421 non

256 1464 521 1527 multum
586 1464 895 1547 temporis
964 1463 1472 1529 administrabat.
1582 1465 1743 1528 Erat
1807 1470 2018 1528 autem
2082 1464 2148 1527 in
2195 1463 2485 1527 subditos
2531 1469 2682 1544 post
2735 1463 2803 1525 id

251 1570 428 1652 justo
501 1571 786 1651 iniqvior,
853 1569 1023 1633 unde
1089 1590 1130 1633 a
1183 1568 1420 1633 famulo
1476 1571 1738 1652 proprio
1795 1591 1835 1633 a
1886 1570 2141 1632 rusticis
2199 1569 2284 1633 ad
2335 1569 2461 1632 hoc
2505 1567 2804 1632 facinus²

259 1676 475 1739 illecto
523 1697 557 1738 e
601 1675 814 1739 medio
861 1674 1150 1739 sublatus
1197 1681 1314 1738 est.

560 1781 813 1845 Enarus
857 1786 1055 1862 poeta
1096 1779 1392 1845 Islandus
1436 1781 1502 1844 in
1543 1781 1822 1862 patriam
1863 1780 2244 1861 renavigans
2289 1780 2355 1842 in
2399 1780 2578 1843 sinu³
2598 1779 2802 1843 Islan-

258 1887 377 1951 diae
443 1886 932 1968 Breida-fiord4
998 1884 1350 1950 suffocatus
1418 1891 1535 1950 est.
1661 1886 1915 1950 Lances
1978 1904 2129 1949 vero
2197 1883 2279 1948 ab
2333 1883 2626 1966 Haqvino
2678 1886 2806 1966 ipsi

258 1992 514 2056 donatae
560 1990 645 2056 ad
683 1991 957 2056 insulam
1001 1990 1320 2074 qvandam
1363 1990 1653 2074 ejusdem
1697 1992 1872 2055 sinus
1920 1990 2318 2072 appulerunt,
2381 2010 2517 2072 qvae
2563 2010 2800 2054 nomen

258 2095 528 2179 Skaley⁵
567 2094 716 2159 inde
762 2099 992 2161 sortita
1034 2096 1166 2161 fuit.
1260 2097 1495 2160 ⁶Porro
1541 2094 1918 2160 Theodorus
1961 2095 2276 2173 IslanduS,
2324 2097 2427 2176 qvi
2467 2095 2801 2160 brachium

264 2202 557 2266 dextrum
597 2202 665 2265 in
705 2201 830 2267 hoc
874 2202 1121 2285 proelio
1166 2203 1488 2281 amiserat,
1534 2206 1687 2283 post
1728 2199 1795 2263 id
1841 2221 1880 2264 a
1923 2201 2195 2264 sinistrae
2239 2219 2360 2262 usu
2405 2198 2628 2264 Scaeva
2673 2201 2804 2264 dic-

250 2313 360 2372 ·tus
414 2307 549 2371 fuit.
655 2307 720 2371 Is
780 2308 948 2372 hanc
991 2308 1327 2373 historiam
1367 2305 1645 2371 Islandis
1691 2305 2170 2389 diligentissime
2212 2304 2446 2385 retulit,
2513 2306 2617 2388 qvi
2661 2327 2807 2371 eam

258 2413 625 2496 posteritati
669 2418 1146 2478 conservarunt.

563 2518 648 2583 At
711 2518 1180 2602 Jomsburgum,
1235 2518 1359 2583 hoc
1413 2515 1593 2582 finito
1636 2516 1828 2598 bello,
1875 2515 1960 2581 ad
2000 2517 2338 2599 pristinum
2378 2514 2601 2581 florem
2645 2540 2804 2583 nun-

259 2646 449 2709 qvam
487 2624 695 2705 rediit,
740 2645 889 2690 nam
933 2624 1101 2708 qvod
1141 2625 1318 2708 prius
1360 2622 1902 2688 nobilissimorum
1936 2621 2643 2708 laudatissimorumqve
2666 2630 2805 2690 toto

256 2731 394 2798 fere
461 2730 617 2797 orbe
681 2731 949 2797 militum
1011 2736 1151 2796 erat
1212 2729 1713 2814 receptaculum,
1786 2728 1943 2815 illud
2006 2735 2438 2795 mercatorum
2486 2729 2798 2812 colluviei,

262 2839 411 2904 dum
454 2838 594 2903 Rex
636 2836 1010 2904 Burisleifus
1054 2839 1120 2903 in
1162 2837 1316 2902 vivis
1362 2834 1573 2901 adhuc
1623 2842 1816 2916 esset,
1859 2835 2163 2901 inserviit.

1064 3024 1365 3090 Historiae
1409 3024 1451 3089 J
1452 3024 1990 3089 omsvichensium

1429 3130 1623 3195 Finis.

335 3362 351 3391 ¹
394 3360 548 3412 1778:
588 3374 707 3424 qva.
849 3361 875 3390 ²
915 3334 1072 3412 1778?
1109 3351 1361 3409 fascinus.
1508 3355 1531 3387 ³
1569 3355 1729 3425 1773:
1767 3350 1931 3406 sinus,
2069 3353 2097 3388 ⁴
2133 3356 2224 3407 59:
2260 3351 2649 3409 Breida-fifird.

335 3453 357 3483 ⁶
393 3450 485 3501 59:
524 3446 772 3515 Skaaley.
2087 3471 2089 3474 >

333 3541 356 3573 ⁶
391 3537 612 3591 Passus:
670 3535 873 3590 “Porro
910 3535 1236 3590 Theodorus
1259 3562 1316 3607 ἢ·-
1341 3533 1767 3588 conservarunt“
1821 3534 2020 3587 citeros
2065 3531 2126 3587 af
2163 3532 2483 3611 Bartholin:
2537 3531 2806 3601 Antiqvit.

392 3627 535 3682 Dan.
570 3626 668 3680 lib.
708 3625 750 3678 I.
788 3642 906 3696 cap.
942 3625 1036 3680 XI.
1068 3642 1195 3696 pag.
1239 3627 1352 3679 189.
