3350 5234
528 484 727 550 totius
784 482 1104 549 exercitus
1168 478 1297 545 dux
1348 478 1559 544 factus
1624 479 1693 544 in
1734 476 2016 544 Daniam
2057 478 2360 544 continuo
2403 479 2751 563 navigavit,
2817 500 3104 563 cumqve

528 604 660 656 non
724 587 992 654 auderet
1048 590 1304 671 patrem
1366 584 1758 651 Gormonein
1800 584 1937 669 (qvi
1972 584 2340 669 juramento
2386 604 2458 650 se
2503 586 2894 653 astrinxerat
2941 607 3104 652 eum

530 681 653 760 sibi
691 714 939 778 poenas
983 694 1196 777 capite
1242 692 1555 770 daturum,
1602 692 1706 775 qvi
1748 690 1873 756 sibi
1911 689 2153 756 Kanuti
2193 689 2307 757 filii
2349 692 2449 756 sui
2481 690 2686 757 fatum
2716 692 3100 774 nunciaret)

530 802 612 867 de
645 805 1036 885 praematura
1075 797 1188 863 filii
1216 803 1423 863 morte
1445 798 1789 862 certiorem
1807 796 2044 876 facere,
2088 795 2468 863 familiarem
2503 817 2690 862 suum
2713 796 3099 875 Hakonem,

533 908 636 990 qvi
684 906 877 970 matri
933 903 1161 988 Thyrae
1211 903 1472 986 Reginae
1524 922 1662 968 rem
1707 902 1930 968 ordine
1972 907 2271 968 narraret
2313 921 2596 983 omnem,
2665 907 2732 969 et
2774 902 2925 985 qvid
2966 901 3105 967 sibi

529 1010 899 1077 faciendum
943 1013 1147 1089 esset,
1193 1028 1338 1074 eam
1374 1008 1767 1088 consuleret,
1811 1008 2201 1073 subornavit.
2256 1007 2469 1092 Thyra
2488 1007 2726 1074 talibus
2750 1007 3102 1073 Hakonem

529 1117 856 1183 instruxit:
920 1115 1110 1197 Regi,
1171 1114 1290 1194 ait,
1335 1133 1481 1179 cras
1524 1113 1861 1178 nunciabis
1875 1163 1891 1193 ,
1934 1113 2002 1178 in
2045 1113 2357 1178 comitatu
2395 1118 2611 1179 vestro
2649 1114 2811 1179 duos
2848 1114 3099 1197 accipi-

530 1228 696 1302 tres,
741 1240 939 1286 unum
981 1219 1151 1300 albo,
1194 1218 1464 1285 alterum
1488 1219 1719 1302 glauco
1743 1217 1961 1284 colore
1984 1217 2214 1299 fuisse,
2256 1218 2435 1284 illum
2477 1224 2694 1285 autem
2722 1241 2765 1284 a
2799 1218 3101 1303 sylvestri

531 1327 808 1413 qvadam
848 1326 990 1391 fera
1033 1343 1113 1390 ex
1152 1325 1496 1408 improviso
1551 1323 1945 1390 dilaniatum.
2047 1323 2166 1388 His
2210 1324 2428 1406 dictis,
2471 1330 2539 1390 te
2580 1325 2648 1390 in
2688 1324 2890 1409 pedes
2935 1343 3098 1389 con-

522 1434 730 1518 jicies.
813 1432 936 1497 Illa
999 1437 1216 1498 autem
1258 1450 1506 1495 summo
1571 1430 1850 1495 diluculo
1905 1431 2151 1513 regiam
2204 1449 2458 1496 omnem
2514 1431 2806 1497 caeruleis
2847 1430 3095 1513 tapetis

534 1538 786 1622 (qvibus
829 1539 1013 1604 triste
1058 1536 1314 1618 aliqvod
1354 1537 1657 1602 nuncium
1700 1534 2213 1618 significabatur)
2259 1535 2644 1603 circumdari
2686 1536 2949 1601 curavit.

834 1643 1077 1726 Regem
1119 1641 1430 1726 palatium
1469 1641 1819 1707 intrantem
1857 1640 2047 1707 Hako
2069 1644 2110 1722 ¹,
2173 1648 2369 1725 prout
2410 1641 2681 1708 edoctus
2726 1647 2855 1723 est,
2913 1661 3093 1707 com-

530 1749 819 1834 pellavit,
865 1753 933 1814 et
974 1769 1046 1813 se
1085 1767 1239 1813 mox
1268 1749 1448 1831 'regis
1494 1748 1874 1829 conspectui
1915 1747 2236 1814 subduxit.
2320 1748 2455 1829 Ille,
2499 1748 2661 1814 solio
2710 1767 3093 1827 conscenso,

535 1856 646 1922 diu
684 1855 1072 1939 multumqve
1117 1853 1583 1938 cogitabundus
1597 1904 1613 1935 ,
1658 1853 1810 1937 qvid
1849 1853 1973 1919 sibi
2013 1875 2182 1920 nova
2201 1854 2346 1920 haec
2386 1855 2928 1939 metamorphosis
2960 1854 3092 1920 vel-

529 1962 650 2042 let,
699 1960 965 2027 tandem
1003 1961 1294 2043 reginam
1337 1961 1460 2026 sibi
1502 1959 1898 2026 assidentem
1941 1961 2037 2025 sic
2080 1960 2398 2026 allocutus
2443 1962 2577 2027 est:
2634 1961 2772 2028 Tuo
2817 1961 3089 2027 consilio

531 2067 676 2133 baec
718 2067 898 2133 faeta
939 2085 1087 2132 esse
1132 2067 1288 2147 seio,
1330 2072 1404 2133 ut
1442 2066 1569 2132 hac
1611 2067 1862 2133 ratione
1903 2065 2230 2132 Kanutum
2269 2065 2468 2133 filium
2495 2087 2711 2134 meum
2741 2069 3093 2135 extinctum

536 2192 682 2239 esse
746 2171 1007 2238 doceas.
1111 2172 1234 2237 Illa
1298 2193 1432 2238 non
1489 2179 1828 2254 renuente,
1903 2175 2155 2237 tantum
2219 2172 2461 2239 doloris
2527 2194 2609 2239 ex
2661 2174 2927 2259 inopina
2978 2172 3092 2240 filii

532 2284 742 2345 morte
783 2278 1028 2360 hausit,
1071 2283 1144 2343 ut
1185 2277 1272 2344 ad
1310 2279 1628 2363 parietem
1669 2279 2003 2345 declinans
2032 2279 2231 2344 vitam
2251 2299 2399 2345 cum
2420 2285 2632 2346 morte
2666 2280 2878 2346 subito
2914 2299 3088 2345 com-

534 2390 832 2452 mutaret.
920 2384 1116 2469 Cujus
1161 2385 1438 2468 exeqviis
1480 2384 1838 2450 honorifice
1883 2382 2226 2450 celebratis
2240 2433 2256 2465 ,
2310 2383 2636 2452 Haraldus
2679 2387 2906 2453 matris
2951 2405 3083 2452 suae

537 2492 806 2558 consilio
849 2491 1021 2575 patri
1064 2488 1387 2571 defuncto,
1429 2491 1608 2575 regio
1650 2510 1861 2570 more,
1899 2489 2080 2575 justa
2119 2488 2293 2556 fecit.
2438 2556 2451 2567 ,
2730 2493 2736 2497 ’

838 2596 1143 2664 Historias
1188 2596 1559 2679 Gormonis,
1604 2596 1985 2681 cognomine
2020 2598 2224 2678 senis,
2264 2595 2431 2664 finis.

1536 3050 1852 3123 suono
1915 3050 2093 3122 111.²

963 3233 1478 3322 HARALDUS
1532 3232 2015 3320 GORMONIS
2066 3234 2262 3321 REX
2310 3234 2657 3321 DANIAE.

1663 3514 1861 3579 ou.
1905 3515 1964 3572 1.

652 3654 990 3740 Haqvimos
1036 3655 1359 3741 θίρυανῶἱ,
1401 3658 1582 3727 Baro
1626 3660 2032 3745 Nervayicus
2052 3660 2099 3741 ⁸,
2140 3659 2210 3725 in
2252 3659 2399 3727 aula
2441 3659 2641 3744 Regis
2683 3654 2967 3726 Haraldi

1663 3772 1974 3833 versabwr.

1732 3906 1902 3920 ψ

845 3974 1216 4053 Haraldus⁴
1279 3978 1620 4046 Gormonis
1661 3979 1835 4064 patri
1877 3976 2236 4045 succedens
2288 3997 2558 4062 reguum
2598 3978 2920 4045 Danicum
2983 3975 3086 4043 diu

536 4086 812 4153 feliciter
853 4082 1345 4166 administravit,
1409 4104 1831 4171 magnamqve
1877 4105 1957 4151 ex
1998 4083 2178 4170 regni
2220 4083 2684 4168 gubernatione
2725 4084 2987 4153 laudem
3023 4087 3085 4151 et

541 4193 810 4277 gloriam
853 4189 976 4257 sibi
1019 4191 1432 4276 comparavit.

844 4296 987 4363 Hac
1029 4302 1418 4381 tempestate
1460 4297 1785 4364 Haraldus
1832 4293 2096 4363 Grafeld
2140 4316 2288 4362 cum
2328 4302 2535 4364 matre
2560 4297 2908 4378 Gunnilda,
2953 4317 3080 4381 qvae

535 4404 783 4489 Regum
821 4408 1033 4471 mater
1066 4403 1244 4469 dicta
1284 4408 1414 4484 est,
1455 4403 1790 4487 Norvagiae
1830 4401 2104 4488 praefuit.
2190 4402 2314 4470 Hic
2349 4424 2495 4471 cum
2509 4403 2805 4488 Haqvino
2828 4404 3076 4470 Barone

617 4547 636 4578 ¹
673 4542 1002 4613 „Hakonus“
1039 4545 1123 4599 59.
1167 4545 1217 4598 4.
1357 4546 1385 4577 ¹
1421 4541 1599 4612 „Sect
1633 4542 1763 4596 111.“
1798 4543 1931 4613 mgl.
1966 4544 1988 4597 i
2022 4545 2104 4598 59.
2141 4546 2192 4598 4.
2336 4547 2360 4578 ⁸
2396 4543 2750 4614 „Nervag-us“
2786 4546 2869 4599 59.
2905 4545 2954 4598 4.

610 4637 637 4671 ‘²
671 4634 1076 4706 Haqvinraldus
1108 4633 1241 4691 med
1274 4633 1438 4704 Streg
1473 4651 1608 4690 over
1642 4635 1839 4705 „qvin“
1875 4634 1897 4688 i
1931 4636 2012 4690 59.
2049 4636 2097 4689 4.
2138 4661 2202 4674 —
2240 4634 2582 4704 „Haqvinus“
2617 4635 2639 4689 i
2679 4636 2824 4691 1778.
2861 4636 2909 4689 4.
