3350 5234
1579 372 1660 436 47

342 543 534 606 timus
601 559 671 604 se
733 538 994 617 foveret,
1062 537 1297 619 sagitta
1351 535 1688 601 confossus
1750 536 1945 600 vitam
2001 554 2148 598 cum
2187 539 2392 597 morte
2439 533 2878 612 commutavit3

345 647 525 730 cujus
580 645 804 709 mortis
858 647 1147 717 autorem
1200 641 1604 724 perqvirendi
1662 660 1816 723 ergo
1877 659 2023 703 cum
2064 658 2259 702 naves
2305 660 2345 703 a
2385 639 2424 703 J
2428 638 2878 702 omsvichensi-

346 750 469 815 bus
511 750 771 814 relictas
817 747 1216 812 Thorchillus
1259 746 1450 810 Leira
1506 751 1572 810 et
1623 744 1829 809 Sveno
1877 748 2327 821 scrutarentur,
2381 743 2645 807 militem
2689 763 2879 824 qven-

348 853 498 918 dam
541 855 795 918 nomine
839 852 1208 917 Havardum
1249 854 1315 916 in
1355 852 1594 917 Boonis
1638 870 1800 915 nave
1843 847 2114 930 pedibus
2161 848 2385 912 orbum
2429 868 2499 912 se
2544 848 2680 929 ejus
2723 847 2881 911 faci-

339 961 554 1037 noris}
625 964 915 1023 autorem
979 977 1124 1022 esse
1177 955 1489 1022 fatentem
1528 957 1919 1032 invenerunt,
1986 974 2170 1034 qvem
2212 951 2424 1033 gladio
2478 951 2876 1016 Tho'rchillus

346 1063 649 1129 confodit.

1377 1321 1563 1385 cAP.
1609 1326 1833 1380 XVII.

835 1468 1425 1550 Jomsburqensium
1468 1470 1819 1534 constantia
1859 1468 1958 1531 hic
2002 1468 2395 1533 describitur.

596 1739 601 1744 .
648 1677 765 1741 His
821 1678 1036 1759 gestis,
1097 1677 1176 1743 de
1227 1678 1833 1761 Jomsburgensibus
1879 1678 2199 1742 sententia
2246 1677 2382 1741 lata
2425 1681 2554 1754 est,
2599 1680 2672 1739 ut
2713 1674 2886 1738 vide-

346 1784 500 1847 licet
544 1783 773 1864 capitis
820 1782 1131 1864 supplicio
1177 1782 1601 1848 afficerentur·
1689 1784 1935 1847 Horum
1977 1788 2114 1847 tum
2156 1782 2462 1872 temporis
2506 1780 2736 1860 ubiqve
2785 1779 2883 1842 lo-

350 1908 569 1953 corum
613 1888 976 1951 constantia
1036 1888 1525 1969 praedicabatur,
1596 1889 1762 1970 qvod
1815 1888 2037 1952 mortis
2081 1892 2256 1950 metu
2307 1905 2704 1968 neqvaqvam
2745 1889 2886 1947 tan-

348 1996 664 2075 gerentur,
709 1990 892 2072 qvod,
939 2012 1022 2054 an
1063 1993 1157 2058 ita
1200 2013 1270 2057 se
1313 1991 1598 2072 haberet,
1623 1993 2022 2057 Thorchillus
2044 1992 2235 2056 Leira
2269 1989 2585 2056 carnificis
2615 1988 2883 2071 fungens

351 2096 561 2162 officio
608 2096 879 2177 experiri
919 2096 1132 2160 voluit.
1283 2170 1286 2175 ,

658 2200 712 2263 1.
759 2201 816 2262 2.
862 2201 920 2264 3.
964 2201 1005 2264 J
1008 2221 1231 2282 amqve
1292 2201 1567 2282 primum
1607 2207 1741 2265 tres
1787 2200 2288 2278 adducebantur,
2347 2219 2609 2281 qvorum
2654 2200 2887 2281 capita,

355 2306 622 2369 caesarie
666 2306 875 2391 .virgis
938 2305 1284 2387 implicata,
1349 2306 1612 2369 lictores
1681 2303 2143 2383 substinebant,
2209 2325 2290 2368 ne
2345 2324 2415 2367 se
2473 2304 2886 2385 deprimendo

351 2411 552 2473 ictum
617 2407 966 2474 eluderent·
1074 2408 1211 2472 Hos
1280 2411 1580 2473 continuo
1637 2409 2037 2474 Thorchillus
2085 2409 2297 2490 capite
2340 2408 2557 2490 plexit.
2641 2407 2889 2471 Deinde

350 2513 711 2595 Haqvinum
755 2513 1116 2594 alloqvitur:
1172 2514 1415 2593 Audivi,
1458 2516 1674 2596 inqvit,
1720 2515 1972 2595 saepiuS,
2026 2513 2333 2594 Haqvine,
2392 2533 2553 2591 eum,
2612 2513 2713 2594 qvi
2756 2517 2889 2576 tres

350 2617 641 2681 homines
707 2606 1008 2683 continuo
1074 2617 1293 2682 ordine
1361 2618 1656 2697 decollat,
1725 2619 1935 2683 animo
2001 2617 2138 2681 fore
2206 2615 2460 2699 abjecto
2528 2623 2594 2681 et
2645 2616 2888 2680 timido.

348 2722 515 2785 Num
579 2720 725 2803 qvid
744 2723 776 2760 2
846 2727 1062 2785 autem
1114 2723 1181 2785 in
1233 2744 1335 2787 me
1387 2723 1544 2787 illud
1587 2722 2079 2787 animadvertis?
2166 2721 2281 2785 Cui
2321 2721 2680 2803 Haqvinus:
2745 2720 2892 2784 Non

356 2829 562 2891 minus
633 2827 988 2908 perspicio;
1057 2830 1359 2906 attamen,
1424 2829 1644 2892 nescio
1693 2828 1855 2909 qvid,
1902 2827 2081 2891 color
2119 2825 2311 2890 faciei
2352 2831 2479 2891 tuae
2522 2828 2890 2890 immutatus

351 2932 501 2996 mali
545 2931 770 2995 ominis
814 2930 968 2994 mihi
1014 2952 1148 3013 prae
1195 2953 1266 2996 se
1309 2932 1476 2996 ferre
1519 2931 1783 2996 videtur.

655 3035 715 3099 4.
762 3036 1033 3113 Qvartus
1080 3036 1163 3101 ad
1203 3035 1417 3101 locum
1461 3036 1755 3119 supplicii
1788 3035 2103 3100 adductus
2127 3055 2167 3099 a
2190 3033 2573 3114 Thorchill0,
2620 3056 2894 3117 qvonam

355 3141 566 3205 animo
632 3146 905 3205 mortem
960 3141 1205 3220 subeat,
1268 3134 1714 3223 interrogatur.
1801 3140 1884 3220 Is,
1944 3161 2088 3204 cum
2126 3141 2336 3204 animo
2381 3140 2699 3222 intrepido
2746 3162 2894 3207 eam

356 3266 425 3310 se
471 3244 840 3324 subiturum,
889 3227 1394 3329 qvandoqvidem
1437 3245 1575 3326 sibi,
1618 3251 1690 3310 ut
1722 3246 1909 3328 patri,
1953 3245 2351 3310 moriendum
2396 3250 2587 3325 esset,
2626 3265 2892 3327 respon-

356 3349 578 3428 disset,
620 3370 738 3431 per
781 3350 1215 3415 Thorchillum
1258 3349 1631 3415 decollatur.
1755 3380 1774 3388 -

654 3453 712 3516 5.
761 3453 1022 3531 Qvintus
1078 3454 1393 3519 adductus
1451 3456 1741 3519 similiter
1780 3454 2130 3535 respondit,
2188 3473 2259 3517 se
2301 3453 2514 3535 legum
2558 3474 2598 3516 a
2639 3453 2892 3518 Palma—

352 3556 591 3622 tokone
653 3557 930 3621 latarum
990 3578 1219 3639 parum
1280 3580 1648 3639 memorem,
1718 3559 1773 3621 si
1833 3561 2107 3621 mortem
2166 3558 2376 3638 iniqvo
2420 3556 2615 3621 ferret
2660 3559 2891 3623 animo,

355 3660 569 3726 Semel
613 3660 781 3725 enim
825 3662 1115 3727 omnibus
1164 3663 1563 3727 moriendum
1605 3682 1770 3728 esse.
1861 3660 2096 3739 Qvibus
2142 3661 2329 3727 dictis
2372 3660 2766 3727 interficitur.

655 3767 715 3831 6.
763 3765 990 3832 Sextus
1033 3767 1189 3831 nihil
1229 3768 1433 3849 magis
1479 3767 1546 3831 in
1588 3769 1750 3831 votis
1793 3766 1990 3831 fuisse
2038 3767 2271 3850 ajebat,
2319 3789 2504 3851 qvam
2529 3789 2675 3832 cum
2695 3767 2891 3834 laude

354 3874 420 3934 et
481 3871 683 3949 gloria
723 3878 996 3938 mortem
1041 3878 1366 3957 oppetere,
1412 3871 1578 3955 qvod
1620 3893 1767 3938 cum
1808 3893 1976 3937 nunc
2022 3871 2290 3947 demum,
2320 3872 2441 3937 sibi
2485 3873 2880 3956 contigisset,

353 3974 567 4058 gladio
609 3976 935 4043 lubentem
978 3983 1042 4043 et
1083 3977 1471 4060 impavidum
1508 3977 1743 4045 collum
1764 3998 1834 4043 se
1868 3975 2179 4062 praebere.
2238 3978 2437 4058 Qvem
2470 3979 2665 4045 etiam
2686 3979 2887 4046 Thor-

357 4078 581 4145 chillus
629 4082 860 4165 capitis
906 4083 1218 4166 supplicio
1264 4081 1497 4149 affecit.

659 4185 716 4250 7.
763 4184 1079 4271 Septimus
1123 4195 1193 4255 ut
1235 4188 1551 4255 adductus
1597 4195 1713 4269 est,
1763 4188 1857 4253 ita
1897 4187 2123 4271 inqvit:
2172 4186 2366 4270 Mors,
2412 4187 2519 4270 ait,
2562 4186 2693 4255 vita
2734 4186 2893 4257 mihi

350 4286 563 4374 potior
626 4297 726 4357 est
787 4291 1009 4371 mult0,
1082 4294 1352 4377 ideoqve
1406 4314 1508 4360 me
1554 4315 1740 4377 qvam
1786 4294 2088 4360 citissime
2134 4315 2170 4359 e
2193 4296 2220 4335 ⁸
2276 4295 2431 4361 vivis
2478 4295 2701 4361 exime.
2787 4295 2893 4362 In·-

353 4403 534 4464 terea
575 4403 811 4478 tamen,
855 4403 925 4462 ut
973 4397 1293 4466 cultellum
1333 4419 1527 4464 manu
1548 4404 1824 4480 teneam,
1858 4399 2167 4482 largiaris,
2194 4420 2325 4466 or0.
2371 4401 2411 4467 J
2414 4400 2891 4468 omsvichenses

354 4503 523 4569 enim
559 4502 665 4569 diu
705 4496 919 4569 hanc4
962 4504 1280 4588 agitarunt
1324 4507 1842 4587 controversiam,
1888 4527 1972 4571 an
2016 4506 2221 4590 aliqvo
2268 4527 2461 4573 sensu
2495 4514 2691 4591 caput
2713 4513 2892 4574 trun·

428 4640 448 4674 ¹
488 4641 642 4696 1778:
678 4637 976 4698 fascineris.
1118 4646 1144 4679 ²
1177 4644 1270 4698 59:
1307 4640 1581 4711 Nunqvid.
1725 4647 1748 4679 ⁸
1783 4646 1850 4699 59
1878 4645 2011 4715 mgl.
2149 4648 2176 4679 ⁴
2209 4646 2300 4700 59:
2336 4645 2482 4701 hanc
2518 4645 2629 4701 diu.
