<?xml version="1.0" encoding="UTF-8"?>
<!DOCTYPE html PUBLIC "-//W3C//DTD XHTML 1.0 Transitional//EN"
    "http://www.w3.org/TR/xhtml1/DTD/xhtml1-transitional.dtd">
<html xmlns="http://www.w3.org/1999/xhtml" xml:lang="en" lang="en">
 <head>
  <title>
</title>
<meta http-equiv="Content-Type" content="text/html;charset=utf-8" />
  <meta name='ocr-system' content='tesseract 3.04.00' />
  <meta name='ocr-capabilities' content='ocr_page ocr_carea ocr_par ocr_line ocrx_word'/>
</head>
<body>
  <div class='ocr_page' id='page_1' title='image "./jmsvkingasagail00gjesgoog_0035.png"; bbox 0 0 3350 5234; ppageno 0'>
   <div class='ocr_carea' id='block_1_1' title="bbox 2728 0 3350 2">
    <p class='ocr_par' dir='ltr' id='par_1_1' title="bbox 2728 0 3350 2">
     <span class='ocr_line' id='line_1_1' title="bbox 2728 0 3350 2; baseline 0 0"><span class='ocrx_word' id='word_1_1' title='bbox 2728 0 3350 2; x_wconf 95' lang='lat' dir='ltr'><strong> </strong></span> 
     </span>
    </p>
   </div>
   <div class='ocr_carea' id='block_1_2' title="bbox 1568 350 1738 416">
    <p class='ocr_par' dir='ltr' id='par_1_2' title="bbox 1568 350 1738 416">
     <span class='ocr_line' id='line_1_2' title="bbox 1568 350 1738 416; baseline -0.047 0"><span class='ocrx_word' id='word_1_2' title='bbox 1568 350 1611 416; x_wconf 85' lang='lat'>9</span> <span class='ocrx_word' id='word_1_3' title='bbox 1730 401 1738 408; x_wconf 93' lang='lat'><strong>.</strong></span> 
     </span>
    </p>
   </div>
   <div class='ocr_carea' id='block_1_3' title="bbox 309 512 2869 1984">
    <p class='ocr_par' dir='ltr' id='par_1_3' title="bbox 309 512 2865 721">
     <span class='ocr_line' id='line_1_3' title="bbox 309 512 2865 604; baseline -0.004 -19"><span class='ocrx_word' id='word_1_4' title='bbox 309 521 443 586; x_wconf 87' lang='lat' dir='ltr'><strong>filio</strong></span> <span class='ocrx_word' id='word_1_5' title='bbox 489 520 780 604; x_wconf 81' lang='lat' dir='ltr'><strong>Sigvardi</strong></span> <span class='ocrx_word' id='word_1_6' title='bbox 819 519 1092 585; x_wconf 86' lang='lat' dir='ltr'><strong>Baronis</strong></span> <span class='ocrx_word' id='word_1_7' title='bbox 1136 520 1449 586; x_wconf 89' lang='lat' dir='ltr'><strong>anorum</strong></span> <span class='ocrx_word' id='word_1_8' title='bbox 1493 519 1642 604; x_wconf 86' lang='lat' dir='ltr'><strong>(illis</strong></span> <span class='ocrx_word' id='word_1_9' title='bbox 1686 516 1886 601; x_wconf 89' lang='lat' dir='ltr'><strong>ana)</strong></span> <span class='ocrx_word' id='word_1_10' title='bbox 1916 521 1935 558; x_wconf 90' lang='lat'><strong>¹</strong></span> <span class='ocrx_word' id='word_1_11' title='bbox 1986 515 2351 582; x_wconf 83' lang='lat' dir='ltr'><strong>inimicitias</strong></span> <span class='ocrx_word' id='word_1_12' title='bbox 2389 513 2525 597; x_wconf 87' lang='lat' dir='ltr'><strong>jam</strong></span> <span class='ocrx_word' id='word_1_13' title='bbox 2569 512 2678 577; x_wconf 91' lang='lat' dir='ltr'><strong>diu</strong></span> <span class='ocrx_word' id='word_1_14' title='bbox 2721 530 2865 594; x_wconf 88' lang='lat' dir='ltr'><strong>ges-</strong></span> 
     </span>
     <span class='ocr_line' id='line_1_4' title="bbox 312 620 2771 721; baseline -0.003 -29"><span class='ocrx_word' id='word_1_15' title='bbox 312 632 522 707; x_wconf 88' lang='lat' dir='ltr'><strong>serat,</strong></span> <span class='ocrx_word' id='word_1_16' title='bbox 572 627 762 709; x_wconf 90' lang='lat' dir='ltr'><strong>idqve</strong></span> <span class='ocrx_word' id='word_1_17' title='bbox 805 626 930 690; x_wconf 85' lang='lat' dir='ltr'><strong>hac</strong></span> <span class='ocrx_word' id='word_1_18' title='bbox 976 627 1342 691; x_wconf 81' lang='lat' dir='ltr'>occasione.</span> <span class='ocrx_word' id='word_1_19' title='bbox 1656 632 1663 638; x_wconf 82' lang='lat'><em>&#39;</em></span> <span class='ocrx_word' id='word_1_20' title='bbox 1891 620 1896 627; x_wconf 78' lang='grc'><strong><em>’</em></strong></span> <span class='ocrx_word' id='word_1_21' title='bbox 2215 711 2219 715; x_wconf 22' lang='grc'>,</span> <span class='ocrx_word' id='word_1_22' title='bbox 2700 710 2704 713; x_wconf 23' lang='grc'><em>“</em></span> <span class='ocrx_word' id='word_1_23' title='bbox 2763 714 2771 721; x_wconf 31' lang='lat'><em>⁰</em></span> 
     </span>
    </p>

    <p class='ocr_par' dir='ltr' id='par_1_4' title="bbox 312 723 2869 1984">
     <span class='ocr_line' id='line_1_5' title="bbox 618 723 2869 816; baseline -0.004 -20"><span class='ocrx_word' id='word_1_24' title='bbox 618 731 939 797; x_wconf 89' lang='lat' dir='ltr'><strong>Haraldus</strong></span> <span class='ocrx_word' id='word_1_25' title='bbox 986 731 1251 798; x_wconf 83' lang='lat' dir='ltr'><strong>Grafeld</strong></span> <span class='ocrx_word' id='word_1_26' title='bbox 1294 731 1667 816; x_wconf 89' lang='lat' dir='ltr'><strong>Sigvardum</strong></span> <span class='ocrx_word' id='word_1_27' title='bbox 1709 732 2058 810; x_wconf 91' lang='lat' dir='ltr'><strong>Baronem,</strong></span> <span class='ocrx_word' id='word_1_28' title='bbox 2111 735 2185 794; x_wconf 92' lang='lat' dir='ltr'><strong>ut</strong></span> <span class='ocrx_word' id='word_1_29' title='bbox 2233 733 2375 793; x_wconf 90' lang='lat' dir='ltr'><strong>erat</strong></span> <span class='ocrx_word' id='word_1_30' title='bbox 2414 731 2648 791; x_wconf 88' lang='lat' dir='ltr'><strong>natura</strong></span> <span class='ocrx_word' id='word_1_31' title='bbox 2686 723 2869 788; x_wconf 84' lang='lat' dir='ltr'><strong>ferox</strong></span> 
     </span>
     <span class='ocr_line' id='line_1_6' title="bbox 314 830 2868 921; baseline -0.004 -17"><span class='ocrx_word' id='word_1_32' title='bbox 314 844 384 904; x_wconf 90' lang='lat' dir='ltr'><strong>et</strong></span> <span class='ocrx_word' id='word_1_33' title='bbox 449 837 873 916; x_wconf 76' lang='lat' dir='ltr'><strong>truculentuS,</strong></span> <span class='ocrx_word' id='word_1_34' title='bbox 939 837 1381 919; x_wconf 78' lang='lat' dir='ltr'><strong>interfecerat,</strong></span> <span class='ocrx_word' id='word_1_35' title='bbox 1460 838 1720 921; x_wconf 85' lang='lat' dir='ltr'><strong>ejusqve</strong></span> <span class='ocrx_word' id='word_1_36' title='bbox 1785 837 2093 901; x_wconf 88' lang='lat' dir='ltr'><strong>ditionem</strong></span> <span class='ocrx_word' id='word_1_37' title='bbox 2157 834 2280 900; x_wconf 91' lang='lat' dir='ltr'><strong>sibi</strong></span> <span class='ocrx_word' id='word_1_38' title='bbox 2341 832 2811 897; x_wconf 83' lang='lat' dir='ltr'><strong>vendicaverat.</strong></span> <span class='ocrx_word' id='word_1_39' title='bbox 2835 830 2868 868; x_wconf 72' lang='lat'><strong>²</strong></span> 
     </span>
     <span class='ocr_line' id='line_1_7' title="bbox 313 937 2865 1027; baseline -0.004 -18"><span class='ocrx_word' id='word_1_40' title='bbox 313 943 644 1027; x_wconf 83' lang='lat' dir='ltr'><strong>Haqvinus</strong></span> <span class='ocrx_word' id='word_1_41' title='bbox 712 948 928 1008; x_wconf 88' lang='lat' dir='ltr'><strong>autem</strong></span> <span class='ocrx_word' id='word_1_42' title='bbox 991 945 1267 1026; x_wconf 89' lang='lat' dir='ltr'><strong>pueritia</strong></span> <span class='ocrx_word' id='word_1_43' title='bbox 1329 963 1626 1027; x_wconf 87' lang='lat' dir='ltr'><strong>egressus</strong></span> <span class='ocrx_word' id='word_1_44' title='bbox 1689 944 1892 1026; x_wconf 90' lang='lat' dir='ltr'><strong>patris</strong></span> <span class='ocrx_word' id='word_1_45' title='bbox 1958 943 2056 1006; x_wconf 89' lang='lat' dir='ltr'><strong>sui</strong></span> <span class='ocrx_word' id='word_1_46' title='bbox 2107 939 2555 1025; x_wconf 87' lang='lat' dir='ltr'><strong>possessiones</strong></span> <span class='ocrx_word' id='word_1_47' title='bbox 2601 937 2865 1019; x_wconf 77' lang='lat' dir='ltr'><strong>saepius,</strong></span> 
     </span>
     <span class='ocr_line' id='line_1_8' title="bbox 313 1043 2868 1131; baseline -0.004 -17"><span class='ocrx_word' id='word_1_48' title='bbox 313 1050 471 1114; x_wconf 88' lang='lat' dir='ltr'><strong>licet</strong></span> <span class='ocrx_word' id='word_1_49' title='bbox 524 1048 764 1113; x_wconf 84' lang='lat' dir='ltr'><strong>frustra</strong></span> <span class='ocrx_word' id='word_1_50' title='bbox 777 1099 792 1128; x_wconf 91' lang='lat'><strong>,</strong></span> <span class='ocrx_word' id='word_1_51' title='bbox 846 1055 1143 1131; x_wconf 89' lang='lat' dir='ltr'><strong>repetere</strong></span> <span class='ocrx_word' id='word_1_52' title='bbox 1201 1056 1470 1115; x_wconf 89' lang='lat' dir='ltr'><strong>conatus</strong></span> <span class='ocrx_word' id='word_1_53' title='bbox 1517 1054 1635 1114; x_wconf 88' lang='lat' dir='ltr'><strong>est.</strong></span> <span class='ocrx_word' id='word_1_54' title='bbox 1720 1047 1859 1112; x_wconf 84' lang='lat' dir='ltr'><strong>Rex</strong></span> <span class='ocrx_word' id='word_1_55' title='bbox 1898 1053 2152 1130; x_wconf 85' lang='lat' dir='ltr'><strong>partem</strong></span> <span class='ocrx_word' id='word_1_56' title='bbox 2196 1044 2514 1129; x_wconf 87' lang='lat' dir='ltr'><strong>qvandam</strong></span> <span class='ocrx_word' id='word_1_57' title='bbox 2557 1043 2868 1107; x_wconf 83' lang='lat' dir='ltr'><strong>ditionum</strong></span> 
     </span>
     <span class='ocr_line' id='line_1_9' title="bbox 312 1147 2869 1239; baseline -0.004 -19"><span class='ocrx_word' id='word_1_58' title='bbox 312 1156 785 1237; x_wconf 89' lang='lat' dir='ltr'><strong>postulatarum</strong></span> <span class='ocrx_word' id='word_1_59' title='bbox 849 1157 909 1219; x_wconf 90' lang='lat' dir='ltr'><strong>ei</strong></span> <span class='ocrx_word' id='word_1_60' title='bbox 973 1155 1228 1234; x_wconf 76' lang='lat' dir='ltr'><strong>obtulit,</strong></span> <span class='ocrx_word' id='word_1_61' title='bbox 1292 1155 1620 1239; x_wconf 81' lang='lat' dir='ltr'><strong>Haqvinus</strong></span> <span class='ocrx_word' id='word_1_62' title='bbox 1677 1159 1893 1220; x_wconf 90' lang='lat' dir='ltr'><strong>autem</strong></span> <span class='ocrx_word' id='word_1_63' title='bbox 1935 1152 2179 1219; x_wconf 85' lang='lat' dir='ltr'><strong>levibus</strong></span> <span class='ocrx_word' id='word_1_64' title='bbox 2225 1147 2695 1216; x_wconf 89' lang='lat' dir='ltr'><strong>conditionibus</strong></span> <span class='ocrx_word' id='word_1_65' title='bbox 2737 1165 2869 1210; x_wconf 91' lang='lat' dir='ltr'><strong>non</strong></span> 
     </span>
     <span class='ocr_line' id='line_1_10' title="bbox 317 1253 2867 1344; baseline -0.004 -19"><span class='ocrx_word' id='word_1_66' title='bbox 317 1265 657 1325; x_wconf 89' lang='lat' dir='ltr'><strong>contentus</strong></span> <span class='ocrx_word' id='word_1_67' title='bbox 724 1260 1014 1326; x_wconf 92' lang='lat' dir='ltr'><strong>omnibus</strong></span> <span class='ocrx_word' id='word_1_68' title='bbox 1073 1262 1359 1344; x_wconf 87' lang='lat' dir='ltr'><strong>paternis</strong></span> <span class='ocrx_word' id='word_1_69' title='bbox 1421 1262 1766 1344; x_wconf 84' lang='lat' dir='ltr'><strong>provinciis</strong></span> <span class='ocrx_word' id='word_1_70' title='bbox 1831 1259 2077 1344; x_wconf 74' lang='lat' dir='ltr'><strong>praefici</strong></span> <span class='ocrx_word' id='word_1_71' title='bbox 2140 1278 2212 1323; x_wconf 90' lang='lat' dir='ltr'><strong>se</strong></span> <span class='ocrx_word' id='word_1_72' title='bbox 2275 1256 2559 1340; x_wconf 88' lang='lat' dir='ltr'><strong>petebat.</strong></span> <span class='ocrx_word' id='word_1_73' title='bbox 2660 1253 2867 1330; x_wconf 86' lang='lat' dir='ltr'><strong>Qvare</strong></span> 
     </span>
     <span class='ocr_line' id='line_1_11' title="bbox 316 1360 2867 1451; baseline -0.004 -20"><span class='ocrx_word' id='word_1_74' title='bbox 316 1367 556 1450; x_wconf 73' lang='lat' dir='ltr'><strong>saepius</strong></span> <span class='ocrx_word' id='word_1_75' title='bbox 599 1368 927 1449; x_wconf 84' lang='lat' dir='ltr'><strong>repulsam</strong></span> <span class='ocrx_word' id='word_1_76' title='bbox 967 1387 1202 1451; x_wconf 90' lang='lat' dir='ltr'><strong>passus</strong></span> <span class='ocrx_word' id='word_1_77' title='bbox 1249 1367 1477 1432; x_wconf 91' lang='lat' dir='ltr'><strong>decem</strong></span> <span class='ocrx_word' id='word_1_78' title='bbox 1517 1366 1784 1432; x_wconf 85' lang='lat' dir='ltr'><strong>navibus</strong></span> <span class='ocrx_word' id='word_1_79' title='bbox 1832 1386 2048 1449; x_wconf 82' lang='lat' dir='ltr'><strong>aeqvor</strong></span> <span class='ocrx_word' id='word_1_80' title='bbox 2090 1363 2492 1440; x_wconf 83' lang='lat' dir='ltr'><strong>conscendit,</strong></span> <span class='ocrx_word' id='word_1_81' title='bbox 2545 1360 2867 1447; x_wconf 81' lang='lat' dir='ltr'><strong>multaqve</strong></span> 
     </span>
     <span class='ocr_line' id='line_1_12' title="bbox 313 1467 2867 1557; baseline -0.004 -21"><span class='ocrx_word' id='word_1_82' title='bbox 313 1471 489 1536; x_wconf 90' lang='lat' dir='ltr'><strong>bella</strong></span> <span class='ocrx_word' id='word_1_83' title='bbox 530 1472 720 1536; x_wconf 88' lang='lat' dir='ltr'><strong>variis</strong></span> <span class='ocrx_word' id='word_1_84' title='bbox 763 1474 831 1537; x_wconf 90' lang='lat' dir='ltr'><strong>in</strong></span> <span class='ocrx_word' id='word_1_85' title='bbox 873 1473 1239 1555; x_wconf 86' lang='lat' dir='ltr'><strong>regionibus</strong></span> <span class='ocrx_word' id='word_1_86' title='bbox 1284 1479 1350 1538; x_wconf 89' lang='lat' dir='ltr'><strong>et</strong></span> <span class='ocrx_word' id='word_1_87' title='bbox 1391 1473 1552 1538; x_wconf 93' lang='lat' dir='ltr'><strong>locis</strong></span> <span class='ocrx_word' id='word_1_88' title='bbox 1598 1473 1895 1538; x_wconf 81' lang='lat' dir='ltr'><strong>confecit</strong></span> <span class='ocrx_word' id='word_1_89' title='bbox 1958 1471 2204 1557; x_wconf 80' lang='lat' dir='ltr'><strong>Hyeme</strong></span> <span class='ocrx_word' id='word_1_90' title='bbox 2244 1474 2459 1535; x_wconf 89' lang='lat' dir='ltr'><strong>autem</strong></span> <span class='ocrx_word' id='word_1_91' title='bbox 2481 1467 2867 1531; x_wconf 87' lang='lat' dir='ltr'><strong>adventante</strong></span> 
     </span>
     <span class='ocr_line' id='line_1_13' title="bbox 313 1568 2868 1663; baseline -0.004 -22"><span class='ocrx_word' id='word_1_92' title='bbox 313 1577 383 1642; x_wconf 90' lang='lat' dir='ltr'><strong>in</strong></span> <span class='ocrx_word' id='word_1_93' title='bbox 434 1577 712 1642; x_wconf 91' lang='lat' dir='ltr'><strong>Daniam</strong></span> <span class='ocrx_word' id='word_1_94' title='bbox 766 1579 924 1643; x_wconf 86' lang='lat' dir='ltr'><strong>velis</strong></span> <span class='ocrx_word' id='word_1_95' title='bbox 984 1579 1150 1644; x_wconf 91' lang='lat' dir='ltr'><strong>datis</strong></span> <span class='ocrx_word' id='word_1_96' title='bbox 1166 1630 1180 1659; x_wconf 92' lang='lat'>‚</span> <span class='ocrx_word' id='word_1_97' title='bbox 1236 1579 1430 1663; x_wconf 84' lang='lat' dir='ltr'><strong>Regis</strong></span> <span class='ocrx_word' id='word_1_98' title='bbox 1473 1578 1744 1644; x_wconf 89' lang='lat' dir='ltr'><strong>Haraldi</strong></span> <span class='ocrx_word' id='word_1_99' title='bbox 1785 1579 2057 1662; x_wconf 85' lang='lat' dir='ltr'><strong>gratiam</strong></span> <span class='ocrx_word' id='word_1_100' title='bbox 2097 1575 2463 1642; x_wconf 89' lang='lat' dir='ltr'><strong>muneribus</strong></span> <span class='ocrx_word' id='word_1_101' title='bbox 2509 1578 2575 1638; x_wconf 89' lang='lat' dir='ltr'><strong>et</strong></span> <span class='ocrx_word' id='word_1_102' title='bbox 2613 1568 2868 1637; x_wconf 84' lang='lat' dir='ltr'><strong>blandis</strong></span> 
     </span>
     <span class='ocr_line' id='line_1_14' title="bbox 315 1680 2867 1769; baseline -0.003 -21"><span class='ocrx_word' id='word_1_103' title='bbox 315 1680 888 1766; x_wconf 75' lang='lat' dir='ltr'><strong>pollicitationibus</strong></span> <span class='ocrx_word' id='word_1_104' title='bbox 922 1684 1382 1769; x_wconf 86' lang='lat' dir='ltr'><strong>aucupabatur.</strong></span> <span class='ocrx_word' id='word_1_105' title='bbox 1435 1685 1575 1750; x_wconf 84' lang='lat' dir='ltr'><strong>Rex</strong></span> <span class='ocrx_word' id='word_1_106' title='bbox 1605 1686 1775 1750; x_wconf 90' lang='lat' dir='ltr'><strong>enim</strong></span> <span class='ocrx_word' id='word_1_107' title='bbox 1818 1706 1964 1750; x_wconf 91' lang='lat' dir='ltr'><strong>eum</strong></span> <span class='ocrx_word' id='word_1_108' title='bbox 2007 1684 2452 1750; x_wconf 85' lang='lat' dir='ltr'><strong>advenientem</strong></span> <span class='ocrx_word' id='word_1_109' title='bbox 2494 1699 2641 1745; x_wconf 92' lang='lat' dir='ltr'><strong>cum</strong></span> <span class='ocrx_word' id='word_1_110' title='bbox 2684 1697 2867 1742; x_wconf 85' lang='lat' dir='ltr'><strong>sexa-</strong></span> 
     </span>
     <span class='ocr_line' id='line_1_15' title="bbox 316 1784 2869 1876; baseline -0.003 -20"><span class='ocrx_word' id='word_1_111' title='bbox 316 1791 495 1874; x_wconf 89' lang='lat' dir='ltr'><strong>ginta</strong></span> <span class='ocrx_word' id='word_1_112' title='bbox 563 1791 714 1856; x_wconf 84' lang='lat' dir='ltr'><strong>viris</strong></span> <span class='ocrx_word' id='word_1_113' title='bbox 780 1793 1063 1857; x_wconf 86' lang='lat' dir='ltr'><strong>convivio</strong></span> <span class='ocrx_word' id='word_1_114' title='bbox 1119 1794 1404 1876; x_wconf 81' lang='lat' dir='ltr'><strong>excepit,</strong></span> <span class='ocrx_word' id='word_1_115' title='bbox 1469 1794 1745 1876; x_wconf 88' lang='lat' dir='ltr'><strong>reliqvos</strong></span> <span class='ocrx_word' id='word_1_116' title='bbox 1789 1811 1939 1858; x_wconf 85' lang='lat' dir='ltr'><strong>vero</strong></span> <span class='ocrx_word' id='word_1_117' title='bbox 1991 1791 2192 1874; x_wconf 89' lang='lat' dir='ltr'><strong>ipsius</strong></span> <span class='ocrx_word' id='word_1_118' title='bbox 2251 1789 2518 1855; x_wconf 89' lang='lat' dir='ltr'><strong>comites</strong></span> <span class='ocrx_word' id='word_1_119' title='bbox 2560 1784 2760 1851; x_wconf 91' lang='lat' dir='ltr'><strong>libere</strong></span> <span class='ocrx_word' id='word_1_120' title='bbox 2801 1784 2869 1848; x_wconf 90' lang='lat' dir='ltr'><strong>in</strong></span> 
     </span>
     <span class='ocr_line' id='line_1_16' title="bbox 313 1897 2230 1984; baseline -0.002 -20"><span class='ocrx_word' id='word_1_121' title='bbox 313 1916 516 1984; x_wconf 88' lang='lat' dir='ltr'><strong>regno</strong></span> <span class='ocrx_word' id='word_1_122' title='bbox 559 1918 698 1980; x_wconf 88' lang='lat' dir='ltr'><strong>suo,</strong></span> <span class='ocrx_word' id='word_1_123' title='bbox 740 1903 934 1984; x_wconf 91' lang='lat' dir='ltr'><strong>prout</strong></span> <span class='ocrx_word' id='word_1_124' title='bbox 976 1897 1235 1964; x_wconf 88' lang='lat' dir='ltr'><strong>cuilibet</strong></span> <span class='ocrx_word' id='word_1_125' title='bbox 1276 1899 1593 1982; x_wconf 91' lang='lat' dir='ltr'><strong>placeret,</strong></span> <span class='ocrx_word' id='word_1_126' title='bbox 1635 1899 1880 1965; x_wconf 83' lang='lat' dir='ltr'><strong>versari</strong></span> <span class='ocrx_word' id='word_1_127' title='bbox 1920 1897 2230 1984; x_wconf 82' lang='lat' dir='ltr'><strong>permisit.</strong></span> 
     </span>
    </p>
   </div>
   <div class='ocr_carea' id='block_1_4' title="bbox 1430 2212 1757 2269">
    <p class='ocr_par' dir='ltr' id='par_1_5' title="bbox 1430 2212 1757 2269">
     <span class='ocr_line' id='line_1_17' title="bbox 1430 2212 1757 2269; baseline 0 0"><span class='ocrx_word' id='word_1_128' title='bbox 1430 2212 1620 2269; x_wconf 73' lang='lat' dir='ltr'><strong>OAP.</strong></span> <span class='ocrx_word' id='word_1_129' title='bbox 1667 2214 1757 2269; x_wconf 89' lang='lat'><strong>11.</strong></span> 
     </span>
    </p>
   </div>
   <div class='ocr_carea' id='block_1_5' title="bbox 312 2351 2870 4356">
    <p class='ocr_par' dir='ltr' id='par_1_6' title="bbox 369 2351 2811 2547">
     <span class='ocr_line' id='line_1_18' title="bbox 369 2351 2811 2440; baseline -0.001 -16"><span class='ocrx_word' id='word_1_130' title='bbox 369 2352 511 2424; x_wconf 66' lang='lat' dir='ltr'><strong>Bm:</strong></span> <span class='ocrx_word' id='word_1_131' title='bbox 553 2351 787 2423; x_wconf 75' lang='lat' dir='ltr'><strong>Daniae</strong></span> <span class='ocrx_word' id='word_1_132' title='bbox 829 2354 1164 2423; x_wconf 77' lang='lat' dir='ltr'><strong>Haraldus</strong></span> <span class='ocrx_word' id='word_1_133' title='bbox 1208 2354 1488 2438; x_wconf 73' lang='lat' dir='ltr'><strong>Haqvini</strong></span> <span class='ocrx_word' id='word_1_134' title='bbox 1533 2356 1820 2423; x_wconf 74' lang='lat' dir='ltr'><strong>Baronis</strong></span> <span class='ocrx_word' id='word_1_135' title='bbox 1860 2359 2160 2424; x_wconf 64' lang='lat' dir='ltr'><strong>instincta</strong></span> <span class='ocrx_word' id='word_1_136' title='bbox 2201 2354 2491 2424; x_wconf 80' lang='lat' dir='ltr'><strong>Haraldo</strong></span> <span class='ocrx_word' id='word_1_137' title='bbox 2542 2355 2811 2440; x_wconf 78' lang='lat' dir='ltr'><strong>Grafeld</strong></span> 
     </span>
     <span class='ocr_line' id='line_1_19' title="bbox 1042 2463 2155 2547; baseline 0.002 -19"><span class='ocrx_word' id='word_1_138' title='bbox 1042 2463 1208 2547; x_wconf 71' lang='lat' dir='ltr'><strong>Reyi</strong></span> <span class='ocrx_word' id='word_1_139' title='bbox 1247 2465 1328 2529; x_wconf 91' lang='lat' dir='ltr'><strong><em>N</em></strong></span> <span class='ocrx_word' id='word_1_140' title='bbox 1320 2465 1592 2546; x_wconf 72' lang='lat' dir='ltr'><strong>orvayioe</strong></span> <span class='ocrx_word' id='word_1_141' title='bbox 1632 2465 1905 2532; x_wconf 76' lang='lat' dir='ltr'><strong>insidias</strong></span> <span class='ocrx_word' id='word_1_142' title='bbox 1948 2467 2155 2531; x_wconf 58' lang='lat' dir='ltr'><strong>simii.</strong></span> 
     </span>
    </p>

    <p class='ocr_par' dir='ltr' id='par_1_7' title="bbox 314 2674 2869 3293">
     <span class='ocr_line' id='line_1_20' title="bbox 620 2674 2868 2762; baseline 0 -21"><span class='ocrx_word' id='word_1_143' title='bbox 620 2674 770 2742; x_wconf 89' lang='lat' dir='ltr'><strong>Non</strong></span> <span class='ocrx_word' id='word_1_144' title='bbox 829 2676 1045 2741; x_wconf 90' lang='lat' dir='ltr'><strong>multis</strong></span> <span class='ocrx_word' id='word_1_145' title='bbox 1107 2680 1258 2759; x_wconf 90' lang='lat' dir='ltr'><strong>post</strong></span> <span class='ocrx_word' id='word_1_146' title='bbox 1322 2676 1547 2744; x_wconf 87' lang='lat' dir='ltr'><strong>diebus</strong></span> <span class='ocrx_word' id='word_1_147' title='bbox 1607 2677 2059 2744; x_wconf 85' lang='lat' dir='ltr'><strong>Gullharaldus</strong></span> <span class='ocrx_word' id='word_1_148' title='bbox 2111 2677 2250 2762; x_wconf 90' lang='lat' dir='ltr'><strong>(cui</strong></span> <span class='ocrx_word' id='word_1_149' title='bbox 2301 2675 2384 2743; x_wconf 92' lang='lat' dir='ltr'><strong>ob</strong></span> <span class='ocrx_word' id='word_1_150' title='bbox 2429 2677 2570 2743; x_wconf 89' lang='lat' dir='ltr'><strong>auri</strong></span> <span class='ocrx_word' id='word_1_151' title='bbox 2613 2676 2868 2760; x_wconf 90' lang='lat' dir='ltr'><strong>copiam</strong></span> 
     </span>
     <span class='ocr_line' id='line_1_21' title="bbox 317 2781 2869 2875; baseline -0 -25"><span class='ocrx_word' id='word_1_152' title='bbox 317 2802 676 2868; x_wconf 81' lang='lat' dir='ltr'><strong>cognomen</strong></span> <span class='ocrx_word' id='word_1_153' title='bbox 736 2783 1006 2875; x_wconf 78' lang='lat' dir='ltr'><strong>inditum</strong></span> <span class='ocrx_word' id='word_1_154' title='bbox 1070 2781 1194 2865; x_wconf 90' lang='lat' dir='ltr'><strong>est)</strong></span> <span class='ocrx_word' id='word_1_155' title='bbox 1246 2783 1519 2850; x_wconf 88' lang='lat' dir='ltr'><strong>Haraldi</strong></span> <span class='ocrx_word' id='word_1_156' title='bbox 1568 2784 1762 2866; x_wconf 88' lang='lat' dir='ltr'><strong>Regis</strong></span> <span class='ocrx_word' id='word_1_157' title='bbox 1808 2806 1888 2850; x_wconf 86' lang='lat' dir='ltr'><strong>ex</strong></span> <span class='ocrx_word' id='word_1_158' title='bbox 1927 2783 2143 2851; x_wconf 73' lang='lat' dir='ltr'><strong>fratre·</strong></span> <span class='ocrx_word' id='word_1_159' title='bbox 2179 2804 2384 2869; x_wconf 89' lang='lat' dir='ltr'><strong>nepos</strong></span> <span class='ocrx_word' id='word_1_160' title='bbox 2399 2835 2414 2864; x_wconf 90' lang='lat'><strong>,</strong></span> <span class='ocrx_word' id='word_1_161' title='bbox 2482 2785 2552 2849; x_wconf 90' lang='lat' dir='ltr'><strong>in</strong></span> <span class='ocrx_word' id='word_1_162' title='bbox 2591 2784 2869 2849; x_wconf 86' lang='lat' dir='ltr'><strong>Daniam</strong></span> 
     </span>
     <span class='ocr_line' id='line_1_22' title="bbox 317 2887 2867 2974; baseline -0 -18"><span class='ocrx_word' id='word_1_163' title='bbox 317 2889 614 2956; x_wconf 74' lang='lat' dir='ltr'><strong>adductis</strong></span> <span class='ocrx_word' id='word_1_164' title='bbox 659 2908 881 2955; x_wconf 88' lang='lat' dir='ltr'><strong>secum</strong></span> <span class='ocrx_word' id='word_1_165' title='bbox 923 2887 1152 2954; x_wconf 91' lang='lat' dir='ltr'><strong>decem</strong></span> <span class='ocrx_word' id='word_1_166' title='bbox 1192 2890 1458 2957; x_wconf 88' lang='lat' dir='ltr'><strong>navibus</strong></span> <span class='ocrx_word' id='word_1_167' title='bbox 1504 2890 1769 2974; x_wconf 90' lang='lat' dir='ltr'><strong>appulit.</strong></span> <span class='ocrx_word' id='word_1_168' title='bbox 1853 2891 2125 2957; x_wconf 87' lang='lat' dir='ltr'><strong>Patruus</strong></span> <span class='ocrx_word' id='word_1_169' title='bbox 2170 2892 2232 2957; x_wconf 94' lang='lat' dir='ltr'><strong>ei</strong></span> <span class='ocrx_word' id='word_1_170' title='bbox 2267 2890 2618 2956; x_wconf 85' lang='lat' dir='ltr'><strong>convivium</strong></span> <span class='ocrx_word' id='word_1_171' title='bbox 2653 2890 2867 2974; x_wconf 85' lang='lat' dir='ltr'><strong>fruga-</strong></span> 
     </span>
     <span class='ocr_line' id='line_1_23' title="bbox 314 2994 2867 3082; baseline 0.001 -20"><span class='ocrx_word' id='word_1_172' title='bbox 314 2994 627 3062; x_wconf 87' lang='lat' dir='ltr'><strong>lissimum</strong></span> <span class='ocrx_word' id='word_1_173' title='bbox 667 2997 993 3076; x_wconf 83' lang='lat' dir='ltr'><strong>instruxit,</strong></span> <span class='ocrx_word' id='word_1_174' title='bbox 1057 3001 1248 3079; x_wconf 87' lang='lat' dir='ltr'><strong>utqve</strong></span> <span class='ocrx_word' id='word_1_175' title='bbox 1292 2998 1360 3062; x_wconf 93' lang='lat' dir='ltr'><strong>in</strong></span> <span class='ocrx_word' id='word_1_176' title='bbox 1402 2996 1554 3062; x_wconf 90' lang='lat' dir='ltr'><strong>aula</strong></span> <span class='ocrx_word' id='word_1_177' title='bbox 1597 3017 1716 3062; x_wconf 90' lang='lat' dir='ltr'><strong>sua</strong></span> <span class='ocrx_word' id='word_1_178' title='bbox 1756 2995 2051 3081; x_wconf 82' lang='lat' dir='ltr'><strong>hyemem</strong></span> <span class='ocrx_word' id='word_1_179' title='bbox 2095 2999 2404 3082; x_wconf 85' lang='lat' dir='ltr'><strong>exigeret,</strong></span> <span class='ocrx_word' id='word_1_180' title='bbox 2469 3017 2601 3063; x_wconf 90' lang='lat' dir='ltr'><strong>non</strong></span> <span class='ocrx_word' id='word_1_181' title='bbox 2642 3019 2867 3081; x_wconf 87' lang='lat' dir='ltr'><strong>grava-</strong></span> 
     </span>
     <span class='ocr_line' id='line_1_24' title="bbox 314 3102 2868 3190; baseline 0.001 -22"><span class='ocrx_word' id='word_1_182' title='bbox 314 3103 433 3168; x_wconf 91' lang='lat' dir='ltr'><strong>tim</strong></span> <span class='ocrx_word' id='word_1_183' title='bbox 498 3103 838 3167; x_wconf 90' lang='lat' dir='ltr'><strong>concessit.</strong></span> <span class='ocrx_word' id='word_1_184' title='bbox 935 3102 1188 3167; x_wconf 88' lang='lat' dir='ltr'><strong>Brumae</strong></span> <span class='ocrx_word' id='word_1_185' title='bbox 1251 3102 1439 3170; x_wconf 89' lang='lat' dir='ltr'><strong>tarde</strong></span> <span class='ocrx_word' id='word_1_186' title='bbox 1502 3102 1790 3170; x_wconf 86' lang='lat' dir='ltr'><strong>labentia</strong></span> <span class='ocrx_word' id='word_1_187' title='bbox 1842 3108 2139 3190; x_wconf 89' lang='lat' dir='ltr'><strong>tempora</strong></span> <span class='ocrx_word' id='word_1_188' title='bbox 2197 3105 2391 3170; x_wconf 83' lang='lat' dir='ltr'><strong>variis</strong></span> <span class='ocrx_word' id='word_1_189' title='bbox 2438 3103 2636 3188; x_wconf 89' lang='lat' dir='ltr'><strong>jocis,</strong></span> <span class='ocrx_word' id='word_1_190' title='bbox 2700 3105 2868 3171; x_wconf 91' lang='lat' dir='ltr'><strong>ludis</strong></span> 
     </span>
     <span class='ocr_line' id='line_1_25' title="bbox 316 3206 1270 3293; baseline -0.001 -20"><span class='ocrx_word' id='word_1_191' title='bbox 316 3209 778 3293; x_wconf 83' lang='lat' dir='ltr'><strong>symposiisqve</strong></span> <span class='ocrx_word' id='word_1_192' title='bbox 796 3209 823 3249; x_wconf 77' lang='lat'>³</span> <span class='ocrx_word' id='word_1_193' title='bbox 864 3206 1270 3274; x_wconf 85' lang='lat' dir='ltr'><strong>fallebantur.</strong></span> 
     </span>
    </p>

    <p class='ocr_par' dir='ltr' id='par_1_8' title="bbox 312 3312 2870 4356">
     <span class='ocr_line' id='line_1_26' title="bbox 620 3312 2868 3400; baseline 0.002 -23"><span class='ocrx_word' id='word_1_194' title='bbox 620 3314 909 3392; x_wconf 83' lang='lat' dir='ltr'><strong>Qvadam</strong></span> <span class='ocrx_word' id='word_1_195' title='bbox 953 3312 1092 3394; x_wconf 82' lang='lat' dir='ltr'><strong>die,</strong></span> <span class='ocrx_word' id='word_1_196' title='bbox 1152 3335 1298 3381; x_wconf 92' lang='lat' dir='ltr'><strong>cum</strong></span> <span class='ocrx_word' id='word_1_197' title='bbox 1352 3334 1530 3380; x_wconf 85' lang='lat' dir='ltr'><strong>mero</strong></span> <span class='ocrx_word' id='word_1_198' title='bbox 1576 3335 1800 3381; x_wconf 89' lang='lat' dir='ltr'><strong>omnes</strong></span> <span class='ocrx_word' id='word_1_199' title='bbox 1843 3316 2287 3396; x_wconf 90' lang='lat' dir='ltr'><strong>incaluissent,</strong></span> <span class='ocrx_word' id='word_1_200' title='bbox 2352 3316 2622 3382; x_wconf 87' lang='lat' dir='ltr'><strong>Haraldi</strong></span> <span class='ocrx_word' id='word_1_201' title='bbox 2675 3317 2868 3400; x_wconf 88' lang='lat' dir='ltr'><strong>Regis</strong></span> 
     </span>
     <span class='ocr_line' id='line_1_27' title="bbox 313 3418 2867 3506; baseline 0.002 -22"><span class='ocrx_word' id='word_1_202' title='bbox 313 3418 840 3502; x_wconf 85' lang='lat' dir='ltr'><strong>munificentiam,</strong></span> <span class='ocrx_word' id='word_1_203' title='bbox 881 3419 1336 3487; x_wconf 88' lang='lat' dir='ltr'><strong>liberalitatem</strong></span> <span class='ocrx_word' id='word_1_204' title='bbox 1381 3426 1446 3486; x_wconf 92' lang='lat' dir='ltr'><strong>et</strong></span> <span class='ocrx_word' id='word_1_205' title='bbox 1472 3422 1830 3504; x_wconf 88' lang='lat' dir='ltr'><strong>potentiam</strong></span> <span class='ocrx_word' id='word_1_206' title='bbox 1862 3423 2212 3489; x_wconf 87' lang='lat' dir='ltr'><strong>decantare</strong></span> <span class='ocrx_word' id='word_1_207' title='bbox 2237 3424 2515 3489; x_wconf 77' lang='lat' dir='ltr'><strong>convivae</strong></span> <span class='ocrx_word' id='word_1_208' title='bbox 2537 3423 2867 3506; x_wconf 89' lang='lat' dir='ltr'><strong>incipiunt.</strong></span> 
     </span>
     <span class='ocr_line' id='line_1_28' title="bbox 312 3527 2869 3611; baseline 0.001 -20"><span class='ocrx_word' id='word_1_209' title='bbox 312 3527 599 3610; x_wconf 87' lang='lat' dir='ltr'><strong>Deniqve</strong></span> <span class='ocrx_word' id='word_1_210' title='bbox 655 3532 808 3611; x_wconf 92' lang='lat' dir='ltr'><strong>post</strong></span> <span class='ocrx_word' id='word_1_211' title='bbox 846 3528 1026 3592; x_wconf 85' lang='lat' dir='ltr'><strong>varia</strong></span> <span class='ocrx_word' id='word_1_212' title='bbox 1065 3527 1408 3593; x_wconf 89' lang='lat' dir='ltr'><strong>multorum</strong></span> <span class='ocrx_word' id='word_1_213' title='bbox 1452 3529 1749 3593; x_wconf 90' lang='lat' dir='ltr'><strong>encomia</strong></span> <span class='ocrx_word' id='word_1_214' title='bbox 1818 3548 1896 3593; x_wconf 91' lang='lat' dir='ltr'><strong>eo</strong></span> <span class='ocrx_word' id='word_1_215' title='bbox 1938 3549 2044 3594; x_wconf 91' lang='lat' dir='ltr'><strong>res</strong></span> <span class='ocrx_word' id='word_1_216' title='bbox 2091 3529 2372 3610; x_wconf 87' lang='lat' dir='ltr'><strong>devenit,</strong></span> <span class='ocrx_word' id='word_1_217' title='bbox 2426 3534 2501 3594; x_wconf 92' lang='lat' dir='ltr'><strong>ut</strong></span> <span class='ocrx_word' id='word_1_218' title='bbox 2544 3549 2690 3594; x_wconf 90' lang='lat' dir='ltr'><strong>eum</strong></span> <span class='ocrx_word' id='word_1_219' title='bbox 2733 3549 2869 3594; x_wconf 92' lang='lat' dir='ltr'><strong>om-</strong></span> 
     </span>
     <span class='ocr_line' id='line_1_29' title="bbox 314 3631 2867 3718; baseline 0.001 -21"><span class='ocrx_word' id='word_1_220' title='bbox 314 3631 501 3698; x_wconf 90' lang='lat' dir='ltr'><strong>nibus</strong></span> <span class='ocrx_word' id='word_1_221' title='bbox 567 3635 773 3700; x_wconf 90' lang='lat' dir='ltr'><strong>arctoi</strong></span> <span class='ocrx_word' id='word_1_222' title='bbox 846 3632 1017 3700; x_wconf 90' lang='lat' dir='ltr'><strong>orbis</strong></span> <span class='ocrx_word' id='word_1_223' title='bbox 1080 3632 1474 3718; x_wconf 90' lang='lat' dir='ltr'><strong>principibus</strong></span> <span class='ocrx_word' id='word_1_224' title='bbox 1541 3639 1607 3699; x_wconf 94' lang='lat' dir='ltr'><strong>et</strong></span> <span class='ocrx_word' id='word_1_225' title='bbox 1651 3634 1909 3717; x_wconf 90' lang='lat' dir='ltr'><strong>regibus</strong></span> <span class='ocrx_word' id='word_1_226' title='bbox 1954 3635 2341 3701; x_wconf 89' lang='lat' dir='ltr'><strong>antecellere</strong></span> <span class='ocrx_word' id='word_1_227' title='bbox 2383 3656 2512 3701; x_wconf 91' lang='lat' dir='ltr'><strong>uno</strong></span> <span class='ocrx_word' id='word_1_228' title='bbox 2558 3656 2669 3701; x_wconf 91' lang='lat' dir='ltr'><strong>ore</strong></span> <span class='ocrx_word' id='word_1_229' title='bbox 2715 3656 2867 3701; x_wconf 93' lang='lat' dir='ltr'><strong>con-</strong></span> 
     </span>
     <span class='ocr_line' id='line_1_30' title="bbox 316 3738 2866 3826; baseline 0.001 -22"><span class='ocrx_word' id='word_1_230' title='bbox 316 3738 595 3805; x_wconf 90' lang='lat' dir='ltr'><strong>cludant.</strong></span> <span class='ocrx_word' id='word_1_231' title='bbox 608 3741 641 3781; x_wconf 77' lang='lat'><strong>4</strong></span> <span class='ocrx_word' id='word_1_232' title='bbox 736 3740 922 3806; x_wconf 84' lang='lat' dir='ltr'><strong>Solus</strong></span> <span class='ocrx_word' id='word_1_233' title='bbox 974 3740 1302 3824; x_wconf 90' lang='lat' dir='ltr'><strong>Haqvinus</strong></span> <span class='ocrx_word' id='word_1_234' title='bbox 1346 3740 1515 3805; x_wconf 90' lang='lat' dir='ltr'><strong>Baro</strong></span> <span class='ocrx_word' id='word_1_235' title='bbox 1571 3740 1823 3807; x_wconf 90' lang='lat' dir='ltr'><strong>silentio</strong></span> <span class='ocrx_word' id='word_1_236' title='bbox 1874 3741 2062 3808; x_wconf 92' lang='lat' dir='ltr'><strong>labiis</strong></span> <span class='ocrx_word' id='word_1_237' title='bbox 2118 3743 2433 3826; x_wconf 86' lang='lat' dir='ltr'><strong>imperato</strong></span> <span class='ocrx_word' id='word_1_238' title='bbox 2479 3743 2866 3826; x_wconf 88' lang='lat' dir='ltr'><strong>reliqvorum</strong></span> 
     </span>
     <span class='ocr_line' id='line_1_31' title="bbox 315 3844 2868 3933; baseline 0.001 -22"><span class='ocrx_word' id='word_1_239' title='bbox 315 3845 631 3931; x_wconf 84' lang='lat' dir='ltr'><strong>colloqvia</strong></span> <span class='ocrx_word' id='word_1_240' title='bbox 676 3853 741 3913; x_wconf 91' lang='lat' dir='ltr'><strong>et</strong></span> <span class='ocrx_word' id='word_1_241' title='bbox 783 3866 1113 3912; x_wconf 87' lang='lat' dir='ltr'><strong>sermones</strong></span> <span class='ocrx_word' id='word_1_242' title='bbox 1159 3845 1513 3913; x_wconf 81' lang='lat' dir='ltr'><strong>observat.⁶</strong></span> <span class='ocrx_word' id='word_1_243' title='bbox 1580 3844 1712 3913; x_wconf 88' lang='lat' dir='ltr'><strong>Sed</strong></span> <span class='ocrx_word' id='word_1_244' title='bbox 1752 3849 1844 3914; x_wconf 85' lang='lat' dir='ltr'><strong>uti</strong></span> <span class='ocrx_word' id='word_1_245' title='bbox 1882 3869 2323 3933; x_wconf 78' lang='lat' dir='ltr'><strong>saepenumero</strong></span> <span class='ocrx_word' id='word_1_246' title='bbox 2367 3849 2469 3931; x_wconf 91' lang='lat' dir='ltr'><strong>fit,</strong></span> <span class='ocrx_word' id='word_1_247' title='bbox 2516 3847 2597 3915; x_wconf 90' lang='lat' dir='ltr'><strong>ab</strong></span> <span class='ocrx_word' id='word_1_248' title='bbox 2645 3847 2868 3914; x_wconf 91' lang='lat' dir='ltr'><strong>aulicis</strong></span> 
     </span>
     <span class='ocr_line' id='line_1_32' title="bbox 318 3951 2868 4049; baseline 0.001 -33"><span class='ocrx_word' id='word_1_249' title='bbox 318 3951 694 4036; x_wconf 87' lang='lat' dir='ltr'><strong>qvibusdam</strong></span> <span class='ocrx_word' id='word_1_250' title='bbox 760 3952 931 4036; x_wconf 93' lang='lat' dir='ltr'><strong>apud</strong></span> <span class='ocrx_word' id='word_1_251' title='bbox 990 3973 1210 4036; x_wconf 89' lang='lat' dir='ltr'><strong>regem</strong></span> <span class='ocrx_word' id='word_1_252' title='bbox 1264 3952 1515 4020; x_wconf 88' lang='lat' dir='ltr'><strong>delatus</strong></span> <span class='ocrx_word' id='word_1_253' title='bbox 1531 4005 1546 4034; x_wconf 96' lang='lat'><strong>,</strong></span> <span class='ocrx_word' id='word_1_254' title='bbox 1604 3954 1773 4038; x_wconf 87' lang='lat' dir='ltr'><strong>qvod</strong></span> <span class='ocrx_word' id='word_1_255' title='bbox 1837 3957 2105 4049; x_wconf 74' lang='lat' dir='ltr'><strong>aliorum</strong></span> <span class='ocrx_word' id='word_1_256' title='bbox 2171 3956 2524 4022; x_wconf 90' lang='lat' dir='ltr'><strong>sententias</strong></span> <span class='ocrx_word' id='word_1_257' title='bbox 2577 3975 2710 4020; x_wconf 90' lang='lat' dir='ltr'><strong>non</strong></span> <span class='ocrx_word' id='word_1_258' title='bbox 2754 3974 2868 4036; x_wconf 92' lang='lat' dir='ltr'><strong>ap-</strong></span> 
     </span>
     <span class='ocr_line' id='line_1_33' title="bbox 314 4056 2870 4146; baseline 0.002 -25"><span class='ocrx_word' id='word_1_259' title='bbox 314 4056 688 4141; x_wconf 88' lang='lat' dir='ltr'><strong>probasset,</strong></span> <span class='ocrx_word' id='word_1_260' title='bbox 735 4080 776 4126; x_wconf 89' lang='lat' dir='ltr'><strong>a</strong></span> <span class='ocrx_word' id='word_1_261' title='bbox 816 4080 968 4143; x_wconf 87' lang='lat' dir='ltr'><strong>rege</strong></span> <span class='ocrx_word' id='word_1_262' title='bbox 1015 4080 1260 4125; x_wconf 90' lang='lat' dir='ltr'><strong>summo</strong></span> <span class='ocrx_word' id='word_1_263' title='bbox 1306 4080 1496 4125; x_wconf 88' lang='lat' dir='ltr'><strong>mane</strong></span> <span class='ocrx_word' id='word_1_264' title='bbox 1538 4061 1837 4146; x_wconf 87' lang='lat' dir='ltr'><strong>privatim</strong></span> <span class='ocrx_word' id='word_1_265' title='bbox 1878 4062 2326 4146; x_wconf 87' lang='lat' dir='ltr'><strong>interrogatur,</strong></span> <span class='ocrx_word' id='word_1_266' title='bbox 2369 4084 2521 4128; x_wconf 92' lang='lat' dir='ltr'><strong>num</strong></span> <span class='ocrx_word' id='word_1_267' title='bbox 2559 4083 2632 4128; x_wconf 91' lang='lat' dir='ltr'><strong>se</strong></span> <span class='ocrx_word' id='word_1_268' title='bbox 2678 4060 2870 4127; x_wconf 86' lang='lat' dir='ltr'><strong>alicui</strong></span> 
     </span>
     <span class='ocr_line' id='line_1_34' title="bbox 315 4163 2866 4252; baseline 0.002 -24"><span class='ocrx_word' id='word_1_269' title='bbox 315 4163 666 4230; x_wconf 88' lang='lat' dir='ltr'><strong>vicinorum</strong></span> <span class='ocrx_word' id='word_1_270' title='bbox 714 4186 967 4249; x_wconf 88' lang='lat' dir='ltr'><strong>regum,</strong></span> <span class='ocrx_word' id='word_1_271' title='bbox 1025 4167 1213 4231; x_wconf 91' lang='lat' dir='ltr'><strong>sicuti</strong></span> <span class='ocrx_word' id='word_1_272' title='bbox 1261 4167 1343 4232; x_wconf 94' lang='lat' dir='ltr'><strong>ab</strong></span> <span class='ocrx_word' id='word_1_273' title='bbox 1403 4167 1543 4232; x_wconf 88' lang='lat' dir='ltr'><strong>aliis</strong></span> <span class='ocrx_word' id='word_1_274' title='bbox 1590 4169 1946 4250; x_wconf 90' lang='lat' dir='ltr'><strong>acceperit,</strong></span> <span class='ocrx_word' id='word_1_275' title='bbox 1993 4169 2451 4252; x_wconf 89' lang='lat' dir='ltr'><strong>postposuerit.</strong></span> <span class='ocrx_word' id='word_1_276' title='bbox 2536 4167 2866 4252; x_wconf 86' lang='lat' dir='ltr'><strong>Haqvinus</strong></span> 
     </span>
     <span class='ocr_line' id='line_1_35' title="bbox 314 4271 2866 4356; baseline 0.001 -21"><span class='ocrx_word' id='word_1_277' title='bbox 314 4271 680 4353; x_wconf 91' lang='lat' dir='ltr'><strong>respondit:</strong></span> <span class='ocrx_word' id='word_1_278' title='bbox 724 4271 964 4337; x_wconf 89' lang='lat' dir='ltr'><strong>Fateor</strong></span> <span class='ocrx_word' id='word_1_279' title='bbox 1007 4272 1325 4356; x_wconf 52' lang='lat' dir='ltr'><strong>equdem,</strong></span> <span class='ocrx_word' id='word_1_280' title='bbox 1371 4294 1409 4339; x_wconf 94' lang='lat' dir='ltr'><strong>o</strong></span> <span class='ocrx_word' id='word_1_281' title='bbox 1444 4273 1608 4339; x_wconf 84' lang='lat' dir='ltr'><strong>Rex!</strong></span> <span class='ocrx_word' id='word_1_282' title='bbox 1657 4275 1904 4339; x_wconf 88' lang='lat' dir='ltr'><strong>cunctis</strong></span> <span class='ocrx_word' id='word_1_283' title='bbox 1947 4273 2088 4339; x_wconf 89' lang='lat' dir='ltr'><strong>heri</strong></span> <span class='ocrx_word' id='word_1_284' title='bbox 2135 4275 2220 4340; x_wconf 90' lang='lat' dir='ltr'><strong>ad</strong></span> <span class='ocrx_word' id='word_1_285' title='bbox 2264 4280 2442 4339; x_wconf 89' lang='lat' dir='ltr'><strong>astra</strong></span> <span class='ocrx_word' id='word_1_286' title='bbox 2484 4279 2550 4339; x_wconf 93' lang='lat' dir='ltr'><strong>te</strong></span> <span class='ocrx_word' id='word_1_287' title='bbox 2596 4274 2866 4339; x_wconf 87' lang='lat' dir='ltr'><strong>evehen-</strong></span> 
     </span>
    </p>
   </div>
   <div class='ocr_carea' id='block_1_6' title="bbox 313 4375 720 4389">
    <p class='ocr_par' dir='ltr' id='par_1_9' title="bbox 313 4375 720 4389">
     <span class='ocr_line' id='line_1_36' title="bbox 313 4375 720 4389; baseline 0 845"><span class='ocrx_word' id='word_1_288' title='bbox 313 4375 720 4389; x_wconf 95' lang='lat' dir='ltr'><strong> </strong></span> 
     </span>
    </p>
   </div>
   <div class='ocr_carea' id='block_1_7' title="bbox 386 4406 2793 4754">
    <p class='ocr_par' dir='ltr' id='par_1_10' title="bbox 387 4406 2793 4573">
     <span class='ocr_line' id='line_1_37' title="bbox 389 4406 2793 4485; baseline 0.001 -22"><span class='ocrx_word' id='word_1_289' title='bbox 389 4409 406 4441; x_wconf 90' lang='lat'>¹</span> <span class='ocrx_word' id='word_1_290' title='bbox 447 4406 523 4463; x_wconf 85' lang='lat' dir='ltr'><strong>cf.</strong></span> <span class='ocrx_word' id='word_1_291' title='bbox 563 4407 613 4463; x_wconf 82' lang='lat' dir='ltr'><strong>S.</strong></span> <span class='ocrx_word' id='word_1_292' title='bbox 650 4408 872 4481; x_wconf 83' lang='lat' dir='ltr'><strong>Bugges</strong></span> <span class='ocrx_word' id='word_1_293' title='bbox 905 4411 1196 4466; x_wconf 90' lang='lat' dir='ltr'><strong>Bemerkn.</strong></span> <span class='ocrx_word' id='word_1_294' title='bbox 1233 4411 1513 4466; x_wconf 88' lang='lat' dir='ltr'><strong>Fortalen.</strong></span> <span class='ocrx_word' id='word_1_295' title='bbox 1607 4415 1754 4467; x_wconf 86' lang='grc'><strong>1778.</strong></span> <span class='ocrx_word' id='word_1_296' title='bbox 1791 4415 1849 4466; x_wconf 90' lang='lat'><strong>4:</strong></span> <span class='ocrx_word' id='word_1_297' title='bbox 1888 4413 2221 4483; x_wconf 79' lang='lat' dir='ltr'><strong>„Sygvardi“</strong></span> <span class='ocrx_word' id='word_1_298' title='bbox 2260 4431 2334 4485; x_wconf 84' lang='lat' dir='ltr'><strong>og</strong></span> <span class='ocrx_word' id='word_1_299' title='bbox 2371 4412 2793 4484; x_wconf 81' lang='lat' dir='ltr'><strong>„Sygvardum“.</strong></span> 
     </span>
     <span class='ocr_line' id='line_1_38' title="bbox 387 4498 1966 4573; baseline 0.004 -22"><span class='ocrx_word' id='word_1_300' title='bbox 387 4500 415 4531; x_wconf 84' lang='lat'><strong>¹</strong></span> <span class='ocrx_word' id='word_1_301' title='bbox 447 4498 770 4556; x_wconf 85' lang='lat' dir='ltr'><strong>vendicarat</strong></span> <span class='ocrx_word' id='word_1_302' title='bbox 804 4503 888 4556; x_wconf 84' lang='lat'><strong>59.</strong></span> <span class='ocrx_word' id='word_1_303' title='bbox 924 4504 975 4558; x_wconf 93' lang='lat'><strong>4.</strong></span> <span class='ocrx_word' id='word_1_304' title='bbox 1117 4506 1140 4537; x_wconf 73' lang='lat'>⁸</span> <span class='ocrx_word' id='word_1_305' title='bbox 1175 4503 1256 4556; x_wconf 87' lang='lat'><strong>59.</strong></span> <span class='ocrx_word' id='word_1_306' title='bbox 1293 4505 1352 4556; x_wconf 84' lang='lat'><strong>4:</strong></span> <span class='ocrx_word' id='word_1_307' title='bbox 1386 4501 1532 4556; x_wconf 90' lang='lat' dir='ltr'><strong>ludis</strong></span> <span class='ocrx_word' id='word_1_308' title='bbox 1569 4506 1626 4556; x_wconf 93' lang='lat' dir='ltr'><strong>et</strong></span> <span class='ocrx_word' id='word_1_309' title='bbox 1660 4504 1966 4573; x_wconf 74' lang='lat' dir='ltr'><strong>symposiin.</strong></span> 
     </span>
    </p>

    <p class='ocr_par' dir='ltr' id='par_1_11' title="bbox 386 4587 2079 4663">
     <span class='ocr_line' id='line_1_39' title="bbox 386 4587 2079 4663; baseline 0.005 -21"><span class='ocrx_word' id='word_1_310' title='bbox 386 4591 414 4622; x_wconf 81' lang='lat'><strong>⁴</strong></span> <span class='ocrx_word' id='word_1_311' title='bbox 450 4587 726 4658; x_wconf 86' lang='lat' dir='ltr'><strong>„Regibus</strong></span> <span class='ocrx_word' id='word_1_312' title='bbox 760 4607 873 4646; x_wconf 88' lang='lat' dir='ltr'><strong>uno</strong></span> <span class='ocrx_word' id='word_1_313' title='bbox 911 4608 1009 4647; x_wconf 85' lang='lat' dir='ltr'><strong>ore</strong></span> <span class='ocrx_word' id='word_1_314' title='bbox 1044 4592 1382 4648; x_wconf 87' lang='lat' dir='ltr'><strong>concludant</strong></span> <span class='ocrx_word' id='word_1_315' title='bbox 1415 4594 1800 4663; x_wconf 87' lang='lat' dir='ltr'><strong>antecellere“,</strong></span> <span class='ocrx_word' id='word_1_316' title='bbox 1840 4598 1986 4651; x_wconf 89' lang='grc'><strong>1778.</strong></span> <span class='ocrx_word' id='word_1_317' title='bbox 2030 4598 2079 4651; x_wconf 89' lang='lat'><strong>4.</strong></span> 
     </span>
    </p>

    <p class='ocr_par' dir='ltr' id='par_1_12' title="bbox 389 4679 1976 4754">
     <span class='ocr_line' id='line_1_40' title="bbox 389 4679 1976 4754; baseline 0.007 -23"><span class='ocrx_word' id='word_1_318' title='bbox 389 4682 413 4713; x_wconf 61' lang='grc' dir='ltr'>ὃ</span> <span class='ocrx_word' id='word_1_319' title='bbox 448 4679 764 4749; x_wconf 85' lang='lat' dir='ltr'><strong>„observat,</strong></span> <span class='ocrx_word' id='word_1_320' title='bbox 800 4685 882 4750; x_wconf 88' lang='lat' dir='ltr'><strong>et,</strong></span> <span class='ocrx_word' id='word_1_321' title='bbox 918 4682 1033 4737; x_wconf 88' lang='lat' dir='ltr'><strong>uti“</strong></span> <span class='ocrx_word' id='word_1_322' title='bbox 1071 4685 1176 4737; x_wconf 89' lang='lat' dir='ltr'><strong>etc.</strong></span> <span class='ocrx_word' id='word_1_323' title='bbox 1213 4682 1363 4738; x_wconf 88' lang='lat' dir='ltr'><strong>uden</strong></span> <span class='ocrx_word' id='word_1_324' title='bbox 1399 4684 1702 4754; x_wconf 85' lang='lat' dir='ltr'><strong>Punctum,</strong></span> <span class='ocrx_word' id='word_1_325' title='bbox 1741 4688 1888 4742; x_wconf 88' lang='grc'><strong>1778.</strong></span> <span class='ocrx_word' id='word_1_326' title='bbox 1927 4688 1976 4741; x_wconf 89' lang='lat'><strong>4.</strong></span> 
     </span>
    </p>
   </div>
  </div>
 </body>
</html>
