3350 5234
1529 370 1625 435 13.

264 559 467 621 qvem
508 538 701 602 variis
746 535 1144 602 contumeliis
1189 540 1257 601 et
1295 534 1537 617 injuriis
1581 533 1889 600 affectum
1929 533 2257 617 Haqvinus
2302 554 2383 599 ex
2426 534 2657 603 arbore
2701 555 2842 600 sus-

261 643 473 728 pendi
533 643 807 722 curavit,
874 661 945 707 se
1002 640 1128 707 hoc
1183 640 1375 706 modo
1432 639 1703 706 Haraldi
1748 638 2012 706 Grafeld
2056 646 2556 724 caeterorumqve
2599 641 2841 707 Nerva-

267 770 507 834 gorum
548 750 616 814 in
659 749 801 815 acie
847 767 1165 813 caesorum
1206 751 1482 812 mortem
1522 746 1727 811 ultum
1771 765 1916 810 esse
1961 745 2289 811 simulans.

581 853 750 920 Hinc
814 852 1136 918 thesauris
1181 852 1475 919 omnibus
1520 849 1918 916 Gullharaldi
1961 850 2047 915 ad
2091 871 2163 916 se
2204 850 2561 933 translatis,
2605 852 2841 918 Haral-

271 960 433 1026 dum
477 958 818 1026 Gormonis
860 959 1104 1042 Regem
1143 958 1370 1024 Danise
1416 958 1741 1037 convenit,
1786 956 2046 1040 ejusqve
2091 975 2163 1021 se
2199 956 2442 1040 judicio
2471 957 2835 1023 submittit.¹

269 1066 417 1131 Rex
463 1085 611 1131 eum
648 1064 923 1131 liberum
963 1065 1375 1149 pronunciat,
1419 1068 1488 1130 et
1530 1064 1586 1129 si
1628 1061 1779 1145 qvid
1817 1062 2051 1146 injuste
2082 1061 2337 1142 fecerit,
2380 1061 2656 1128 libenter
2688 1084 2842 1129 con-

273 1171 499 1237 donat.
583 1170 766 1236 Multi
823 1170 932 1236 hic
977 1190 1057 1236 ex
1099 1191 1324 1236 eorum
1367 1168 1655 1253 gestibus
1700 1173 1768 1233 et
1811 1167 2142 1249 colloqviis
2195 1169 2598 1234 amicissimis
2645 1170 2841 1237 colle-

273 1281 530 1360 gerunt,
575 1282 710 1342 tam
753 1277 903 1341 eos²
942 1277 1011 1341 in
1053 1275 1452 1342 Gnllharaldi
1496 1294 1684 1358 qvam
1723 1273 1916 1357 Regis
1958 1272 2231 1339 Haraldi
2252 1273 2519 1339 Grafeld
2538 1277 2566 1315 ⁸
2606 1296 2837 1341 necem

278 1384 717 1467 conspirasse.

582 1488 720 1555 Rex
783 1485 1106 1553 Haraldus
1170 1485 1531 1569 Haqvinum
1594 1486 1718 1550 toti
1780 1483 2115 1568 Norvagiae
2177 1485 2499 1570 praefecit,
2556 1488 2674 1552 sed
2714 1487 2840 1553 hac

275 1593 423 1676 lege
442 1643 457 1674 ‚
501 1599 591 1674 ut,
647 1597 704 1659 si
747 1593 999 1677 qvando
1041 1591 1284 1658 bellum
1324 1590 1613 1656 Haraldo
1655 1591 2065 1672 indiceretur,
2110 1594 2532 1677 auxiliumqve
2567 1592 2844 1676 Haqvini

276 1699 679 1783 imploraret,
724 1700 833 1766 ille
878 1699 1163 1765 exercitu
1208 1719 1287 1763 ex
1331 1699 1503 1763 omni
1543 1696 1866 1780 Norvagia
1910 1697 2182 1763 collecto
2225 1701 2292 1764 in
2329 1699 2624 1778 Damam,
2668 1699 2843 1763 nulla

281 1805 668 1888 interposita
697 1826 899 1886 mora,
929 1804 1466 1889 proficisceretur.
1488 1804 1755 1886 ‘Regem
1775 1804 1951 1886 item,
1997 1805 2240 1886 qvoties
2285 1806 2345 1869 ei
2387 1805 2840 1888 injungeretur,

286 1911 966 1977 communicandorum
1010 1911 1421 1975 consiliorum
1463 1929 1664 1974 causa
1707 1910 2049 1975 convenire
2091 1908 2452 1975 tenebatur.
2514 1910 2843 1976 Praeterea

284 2016 528 2083 tributa
571 2019 909 2102 qvotannis
956 2016 1203 2082 solvere
1239 2013 1606 2099 jubebatur.

586 2122 730 2188 Hac
774 2125 1078 2206 pactione
1125 2121 1522 2202 confirmata,
1567 2143 1603 2187 e
1635 2122 1849 2185 Dania
1888 2120 1957 2185 in
1997 2119 2384 2201 Norvagiam
2428 2141 2585 2186 auro
2631 2126 2697 2186 et
2740 2142 2842 2186 ar-

276 2234 472 2311 gento
516 2227 710 2310 (duas
756 2230 926 2294 enim
969 2249 1184 2309 arcas,
1245 2248 1403 2311 qvas
1462 2248 1498 2293 e
1554 2225 1822 2291 navibus
1868 2224 2271 2290 Gullharaldi
2314 2227 2654 2308 eripuerat,
2699 2225 2843 2292 the-

278 2335 488 2399 sauris
552 2339 619 2399 et
681 2335 948 2416 gemmis
1013 2335 1497 2417 pretiosissimis
1560 2331 1846 2414 repletas
1911 2336 1978 2397 et
2035 2335 2234 2396 tantae
2276 2331 2732 2413 magnitudinis
2777 2339 2844 2398 et

274 2438 606 2523 ponderis,
649 2444 723 2503 ut
765 2444 888 2504 duo
930 2439 1047 2504 viri
1100 2460 1136 2505 e
1187 2444 1366 2505 terra
1408 2459 1521 2504 eas
1564 2438 1666 2503 vix
1708 2436 1921 2503 levare
1966 2442 2240 2522 possent
2289 2456 2510 2501 secum
2558 2438 2839 2522 evexit4)

279 2550 551 2611 onustus
592 2545 739 2611 vela
789 2544 988 2613 dedit.

1405 2767 1593 2825 CAP.
1644 2768 1732 2823 V.

336 2879 680 2980 Gwnmwae'
721 2913 985 2998 Reyinae
1025 2913 1411 2980 mserabibis
1456 2913 1575 2980 sed
1614 2919 1818 2980 tamen
1856 2913 2045 2995 factis
2090 2914 2504 2997 dignis-simma
2548 2917 2770 2982 exibas·

580 3078 668 3144 Ut
707 3079 1042 3163 Norvagiae
1084 3079 1261 3144 littus
1309 3080 1519 3146 salvus
1559 3087 1624 3147 et
1665 3081 2001 3147 incolumis
2021 3080 2351 3163 Haqvinus
2388 3082 2617 3165 tetigit,
2664 3082 2838 3149 Gun-

276 3184 521 3250 nildam
559 3184 874 3269 Reginam
918 3186 1085 3251 curis
1139 3185 1652 3253 intabescentem
1694 3188 1968 3268 primum
2020 3187 2300 3251 omnium
2359 3188 2684 3268 convenit,
2742 3195 2839 3254 at-

280 3310 398 3374 qve
440 3296 515 3355 ut
558 3291 638 3357 de
680 3289 1197 3380 interfectoribus
1213 3293 1244 3331 ⁵
1281 3291 1477 3375 Regis
1510 3292 1781 3358 Haraldi
1816 3290 2079 3357 Grafeld
2119 3312 2368 3375 poenas
2413 3295 2836 3376 repetivisset,

278 3397 593 3479 dolorem,
640 3417 826 3481 qvem
890 3418 971 3462 ex
1030 3397 1290 3462 interitu
1341 3396 1454 3462 filii
1520 3403 1931 3481 conceperat,
1996 3399 2369 3464 imminuere
2424 3398 2690 3463 studens
2716 3449 2731 3480 ‚
2778 3401 2839 3465 ei

275 3505 576 3569 narravit.
684 3501 1040 3569 Haraldum
1098 3503 1293 3568 etiam
1332 3503 1577 3587 Regem
1616 3503 1842 3568 Daniae
1888 3502 2025 3586 ejus
2068 3505 2326 3587 nuptias
2373 3504 2615 3572 ambire
2662 3525 2836 3572 com-

276 3610 648 3691 miniscitur,
725 3614 792 3674 et
851 3608 977 3674 hoc
1043 3606 1167 3673 sibi
1224 3615 1403 3676 certo
1450 3615 1751 3676 constare
1797 3609 2056 3691 asserit,
2102 3631 2295 3695 qvare
2341 3610 2574 3678 obnixe
2610 3619 2833 3696 rogat,

274 3722 347 3781 ut
387 3717 455 3781 in
496 3717 775 3783 Daniam
830 3715 957 3780 iter
997 3715 1337 3799 suscipiat,
1397 3735 1467 3780 se
1523 3715 1605 3781 de
1645 3713 1913 3781 navibus
1959 3721 2024 3781 et
2065 3717 2386 3795 ministris
2418 3719 2478 3784 ei
2518 3739 2828 3804 prospec-

273 3826 487 3888 turum
549 3841 696 3888 esse
755 3820 1094 3905 recipiens.
1204 3819 1524 3888 Grunnilda
1587 3821 1865 3907 Haqvini
1932 3830 2294 3891 commento
2357 3846 2497 3892 rem
2552 3824 2824 3893 subesse

271 3934 508 4011 putans
560 3928 774 3994 itineri
816 3947 888 3993 se
933 3925 1242 4010 accingit,
1287 3932 1355 3994 et
1394 3927 1462 3994 in
1502 3927 1785 3995 Daniam
1828 3934 2085 3995 centum
2125 3930 2346 4014 viginti
2388 3930 2695 3997 comitata
2728 3950 2832 3998 sa-

273 4033 577 4103 tellitibus
621 4032 912 4120 appellit,
957 4053 1146 4118 qvam
1187 4034 1401 4118 regis⁶
1440 4032 1662 4101 famuli
1714 4034 2085 4121 nobilesqve
2137 4036 2255 4101 viri
2307 4056 2544 4122 magna
2583 4054 2828 4121 pompa

276 4144 342 4206 et
398 4142 759 4207 reverentia
823 4140 1174 4225 excipiunt,
1238 4146 1304 4207 et
1359 4139 1427 4206 in
1489 4162 1681 4208 curru
1739 4142 1895 4209 satis
1950 4141 2290 4226 magnifico
2346 4142 2430 4210 ad
2475 4144 2833 4212 convivium

276 4244 373 4331 (ut
413 4246 504 4313 illi
540 4246 870 4330 dicebant)
914 4246 1284 4314 solennibus
1325 4248 1564 4333 nuptiis
1607 4247 1999 4315 destinatum
2051 4248 2303 4315 ducturi
2348 4249 2688 4317 collocant.

578 4353 846 4439 Jamqve
912 4353 1082 4420 diem
1138 4358 1347 4421 totum
1397 4354 1725 4422 laborioso
1767 4355 1996 4421 itinere
2051 4354 2494 4439 confecerant,
2554 4378 2700 4423 cum
2746 4353 2832 4426 ad

271 4452 422 4527 loca
461 4459 656 4527 fossis
718 4465 784 4526 et
838 4460 1248 4545 voraginibus
1302 4461 1474 4528 invia
1533 4461 1810 4528 veniunt.
1943 4461 2068 4529 Hic
2132 4467 2458 4549 arreptam
2516 4463 2831 4548 Reginam

350 4600 366 4633 ¹
403 4600 496 4654 59:
538 4596 656 4668 ejus
692 4613 751 4655 se
783 4596 994 4668 judicio
1030 4599 1378 4657 submittens.
1574 4602 1600 4635 ⁸
1634 4603 1729 4657 59:
1767 4616 1864 4656 eos
1897 4604 2030 4659 tam.
2241 4605 2264 4638 ⁸
2299 4598 2530 4657 Grafed:
2569 4603 2722 4658 1778.

340 4689 367 4725 ⁴
403 4704 624 4763 „secum
643 4689 860 4747 evexit“
878 4689 1049 4761 mgl.i
1075 4693 1225 4753 1778.
1298 4696 1321 4730 ⁶
1337 4689 1718 4751 infectoribus.
1787 4695 1811 4731 ⁰
1833 4696 1992 4751 1778:
2013 4693 2299 4767 reg-ii,159
2314 4695 2487 4751 rettet
2501 4691 2568 4748 fil
2587 4691 2827 4765 „regis“.
