3350 5234
1514 348 1557 413 5

239 532 478 578 versus
539 513 800 578 domum
863 514 1144 597 amplam
1205 519 1271 580 et
1334 514 1742 597 magnificam
1800 512 2262 580 exstruendam.
2298 532 2485 579 cures
2504 562 2519 592 ,
2581 514 2649 600 in
2691 533 2816 597 qva

243 624 392 684 tres
441 620 779 684 continuas
824 625 1051 685 noctes
1097 618 1406 701 dormies,
1453 626 1518 686 et
1561 621 1837 700 somnia,
1887 620 1942 683 si
1986 640 2122 702 qvae
2167 620 2427 699 videris,
2474 618 2816 701 diligenter

245 729 570 790 annotata
612 724 698 790 ad
738 746 843 790 me
886 746 1006 808 per
1046 726 1314 790 nuncios
1357 726 1593 791 mittes.
1679 726 1818 808 Ego
1867 729 2083 790 autem
2116 724 2233 790 tibi
2260 725 2462 790 literis
2490 724 2812 806 indicabo,

243 850 408 895 num
449 832 581 896 voti
624 851 890 913 compos
932 830 1081 910 fiaS,
1125 851 1351 896 necne.

561 936 743 1013 Qvod
787 938 843 1001 si
882 938 950 1001 in
993 937 1279 1001 somnis¹
1325 936 1482 1001 nihil
1523 935 1640 1001 tibi
1682 937 1830 1000 novi
1864 936 2263 1018 apparuerit,
2306 955 2440 1001 non
2472 942 2600 1017 est,
2638 937 2813 1021 qvod

246 1041 533 1105 nuncios
574 1041 873 1106 literasve
919 1042 1004 1107 ad
1044 1062 1147 1107 me
1190 1043 1429 1121 mittas,
1477 1047 1588 1107 aut
1631 1040 2017 1106 connubium
2057 1061 2270 1106 meum
2314 1048 2600 1124 expetas.
2674 1043 2814 1108 Rex

257 1144 510 1211 Gormo
556 1146 781 1230 Thyrae
824 1148 1117 1230 petitioni
1159 1166 1405 1212 morem
1447 1166 1676 1231 gerens
1723 1148 1981 1212 domum
2023 1145 2476 1211 exstruendam
2504 1152 2705 1228 curat,
2747 1148 2815 1212 in

250 1273 390 1334 qva
458 1272 605 1316 cum
666 1258 801 1317 tres
862 1258 1089 1318 noctes
1146 1255 1340 1335 qvieti
1392 1274 1462 1318 se
1509 1253 1820 1334 dedisset,
1887 1253 2138 1317 somnia
2176 1253 2499 1317 memoriae
2540 1252 2818 1318 fideliter

247 1357 572 1422 mandata
618 1358 844 1443 Thyrae
900 1379 1021 1440 per
1073 1359 1325 1443 legatos
1369 1358 1766 1441 significavit.
1853 1358 2088 1437 Qvibus
2131 1358 2482 1424 honorifice
2527 1360 2813 1442 exceptis

252 1461 494 1546 diuqve
550 1463 725 1528 laute
788 1466 1083 1529 tractatis
1139 1466 1403 1530 tandem
1456 1464 1839 1530 abeuntibus
1882 1464 2095 1548 Thyra
2134 1465 2426 1544 mandat,
2480 1470 2554 1530 ut
2591 1485 2813 1548 regem
2847 1458 2850 1461 ’

250 1569 388 1633 voti
436 1574 802 1652 compotem
842 1569 1124 1636 futurum
1163 1571 1559 1636 renuncient.
1627 1572 1762 1649 Qvo
1797 1576 2071 1654 accepto
2103 1571 2366 1650 nunci0‚
2409 1569 2549 1661 Bex
2571 1569 2809 1637 Gormo

253 1694 511 1740 summa
550 1675 846 1758 perfusus
887 1676 1138 1758 laetitia,
1183 1677 1396 1743 multis
1444 1680 1717 1761 stipatus
1764 1676 2100 1742 comitibus
2143 1677 2213 1741 in
2252 1674 2618 1742 Holsatiam
2659 1697 2809 1760 pro-

252 1778 581 1862 ficiscitur,
645 1781 1042 1865 Thyramqve
1107 1785 1175 1849 in
1215 1804 1481 1850 uxorem
1524 1783 1780 1866 accipit.
1865 1783 2121 1866 Nuptiae
2144 1784 2177 1822 ²
2219 1802 2468 1848 summa
2512 1804 2659 1847 cum
2700 1802 2811 1848 vo-

251 1884 503 1969 luptate
570 1892 637 1952 et
698 1888 932 1972 gaudio
999 1889 1423 1970 celebrantur,
1477 1891 1666 1955 variis
1728 1888 2264 1955 oblectationibus
2317 1886 2571 1953 refertae
2585 1937 2600 1968 ‚
2642 1889 2810 1953 inter

255 2012 420 2074 qvas
463 2013 596 2058 non
635 2014 863 2076 parum
908 1996 1206 2060 convivas
1265 1997 1515 2062 somnia
1552 1997 1748 2078 Regis
1788 1994 2126 2061 Gormonis
2172 2015 2513 2078 eorumqve
2556 1995 2809 2078 sapien-

251 2098 508 2164 tissima
546 2100 991 2183 interpretatio
1037 2100 1456 2166 delectarunt.
1563 2101 1826 2167 Somnia
1875 2101 1981 2167 hic
2039 2120 2379 2184 eorumqve
2424 2101 2809 2167 solutionem

252 2204 322 2269 in
360 2223 644 2288 persona
687 2205 1028 2272 Gormonis
1073 2211 1139 2272 et
1181 2207 1406 2290 Thyrae
1452 2206 1806 2291 subjiciam.

1365 2531 1555 2589 GAP.
1601 2533 1698 2590 11.

1077 2675 1276 2759 Reqis
1324 2675 1667 2743 Gormonis
1711 2679 1972 2744 somnia.

555 2888 695 2954 Rex
749 2887 1007 2968 GormO,
1068 2888 1302 2954 ceteris
1360 2887 1755 2969 tacentibus,
1814 2889 1907 2955 sic
1953 2909 2139 2954 orsus
2184 2893 2305 2955 est.
2404 2884 2805 2968 Qvandoqvi-

253 2993 430 3074 dem,
479 2996 595 3073 ait,
643 3015 684 3058 a
725 3013 829 3059 me
875 2996 1200 3077 expetitis,
1244 2999 1316 3060 ut
1355 2995 1674 3060 insomnia
1714 2993 1869 3058 mihi
1912 2993 2133 3059 oblata
2171 2994 2467 3073 recitem,
2525 3013 2656 3057 non
2698 2991 2808 3056 diu

255 3098 744 3183 tergiversabor,
804 3102 1165 3182 praesertim
1225 3102 1283 3166 si
1335 3101 1612 3166 convivis
1668 3100 1905 3183 aliqvid
1958 3099 2410 3166 oblectationis
2456 3097 2804 3164 attulerint

253 3205 442 3270 Visus
509 3226 651 3270 sum
714 3206 870 3270 mihi
931 3208 1140 3288 prima
1188 3212 1382 3271 nocte
1425 3226 1543 3289 per
1587 3207 1863 3289 qvietem
1927 3225 2149 3271 omnes
2193 3205 2376 3287 regni
2415 3205 2545 3283 mei
2587 3205 2804 3268 termi-

252 3330 371 3377 nos
416 3311 648 3389 videre,
718 3312 1026 3377 ditionem
1091 3317 1308 3378 autem
1348 3332 1563 3377 meam
1620 3316 1687 3375 et
1726 3311 2045 3375 Danicam
2085 3312 2416 3393 regionem
2463 3310 2628 3375 adeo
2671 3310 2804 3375 late

253 3418 429 3500 aqvis
499 3418 896 3500 undiqvaqve
931 3416 1428 3483 *dehiscentibus
1487 3417 1743 3482 dilatari
1796 3422 1861 3481 et
1916 3416 2198 3496 extendi,
2253 3422 2327 3481 ut
2381 3416 2556 3481 nullo
2609 3414 2803 3481 modo

251 3524 388 3588 visu
433 3522 976 3606 comprehendere
1019 3525 1190 3607 potis
1238 3543 1468 3589 essem.
1554 3523 1713 3588 Visa
1758 3523 1953 3587 etiam
1996 3527 2142 3587 sunt
2190 3521 2345 3587 mihi
2385 3521 2555 3586 freta
2589 3523 2806 3587 omnia

260 3615 614 3695 exsiccari(
677 3630 839 3695 Tum
882 3630 1082 3697 oblati
1125 3635 1274 3695 sunt
1314 3628 1470 3694 mihi
1510 3634 1643 3694 tres
1688 3627 1885 3694 boves
1929 3629 2112 3693 niveo
2159 3628 2375 3694 colore
2425 3629 2493 3693 in
2534 3634 2803 3709 terram,

252 3735 360 3802 ubi
404 3734 685 3816 stabam,
730 3735 1159 3801 ascendentes
1205 3741 1272 3801 et
1314 3755 1579 3818 gramen
1624 3735 2074 3818 depascentes.
2104 3734 2131 3774 ³

552 3841 671 3907 His
715 3841 1275 3922 evanescentibus,
1317 3847 1451 3907 tres
1495 3840 1695 3907 boves
1725 3839 2085 3924 phoeniceo
2119 3840 2336 3907 colore
2381 3839 2803 3924 apparebant,

256 3967 406 4032 qvos
449 3947 517 4012 in
559 3968 738 4014 mare
784 3969 855 4015 se
896 3948 1284 4032 recipientes
1327 3948 1518 4014 tertio
1561 3947 1759 4013 boves
1807 3945 2089 4013 carbone
2123 3948 2425 4028 atriores‚
2471 3968 2507 4012 e
2538 3967 2803 4030 qvorum

251 4055 484 4120 vertice
550 4073 792 4119 cornua
850 4053 1333 4138 prominebant,
1398 4054 1734 4120 consecuti
1798 4059 1976 4135 sunt3
2040 4051 2109 4118 111
2172 4053 2461 4118 similiter
2506 4053 2684 4136 aqvis
2730 4073 2802 4119 se

252 4161 713 4227 immerserunt.
779 4159 897 4225 His
941 4161 1225 4244 peractis
1242 4211 1257 4241 ,
1299 4161 1525 4244 ingens
1568 4160 1725 4225 mihi
1765 4159 1983 4243 fragor
2009 4159 2264 4224 auditus
2304 4163 2431 4238 est,
2475 4159 2801 4241 visumqve

253 4288 423 4332 mare
477 4266 545 4331 in
589 4266 748 4333 duas
796 4266 1006 4333 secari
1047 4271 1299 4350 partes,
1362 4288 1624 4350 qvarum
1665 4287 1797 4331 una
1840 4266 2300 4349 aqvilonarem‚
2367 4264 2573 4330 altera
2613 4265 2803 4329 meri-
2875 4293 2880 4297 ·

255 4372 567 4439 dionalem
608 4372 834 4439 Daniae
876 4372 1137 4456 plagam
1184 4372 1485 4438 alluebat.
1570 4372 1692 4437 Hla
1734 4372 2149 4439 densissimas
2192 4370 2496 4437 tenebras
2541 4376 2607 4436 et
2635 4375 2799 4436 tem-

320 4570 337 4601 ¹
372 4565 666 4635 „somniis“
710 4570 856 4622 1778.
893 4568 942 4620 4.
1081 4569 1109 4600 ¹
1144 4566 1415 4635 „nuptiis“
1452 4566 1555 4621 Nc.
1598 4570 1746 4622 1778.
1784 4570 1835 4624 4.

318 4659 340 4692 ⁸
376 4659 528 4712 1178.
564 4658 612 4709 4.
654 4657 756 4713 har
787 4657 918 4712 ikke
955 4656 1276 4713 Liniebrud.
