3350 5234
1496 323 1578 387 27

562 488 699 566 Qvo
741 493 1014 568 mortuo,
1058 487 1394 554 Fiolnerus
1412 489 1435 528 ¹
1478 488 1963 554 Palmatokonis
2007 494 2276 572 patruus
2320 490 2635 574 Regisqve
2682 491 2818 557 Ha-

242 595 411 661 raldi
476 595 879 660 consiliarius
946 595 1250 677 sagittam
1314 600 1671 660 extractam
1716 595 2053 678 diligenter
2114 597 2379 661 intuitus
2449 598 2814 663 inauratam

250 722 398 768 esse
447 701 918 780 animadvertit,
972 700 1144 766 unde
1201 702 1502 766 continuo
1549 704 1808 785 collegit
1851 702 2175 767 hominem
2215 723 2348 767 non
2390 702 2625 769 infimae
2678 723 2816 767 sor-

249 808 332 873 tis
375 809 518 889 regi
572 829 804 872 necem
850 808 1164 873 intulisse.
1271 807 1521 872 Deinde
1580 811 1887 893 gressus²
1930 809 2016 874 ad
2055 828 2253 901 naves
2299 810 2492 875 sociis
2538 807 2816 891 dirigens

247 915 424 979 hanc
492 913 573 978 de
637 915 808 997 regis
871 919 1078 979 morte
1146 915 1532 979 sententiam
1589 920 1990 980 commentus
2047 919 2165 994 est,
2223 935 2369 979 eum
2410 914 2709 980 videlicet
2748 915 2818 979 in

254 1019 562 1085 conflictu
626 1020 852 1085 diurno
914 1019 1142 1084 lethali
1205 1020 1465 1085 vulnere
1507 1021 1705 1085 ictum
1750 1019 1947 1085 fuisse
1991 1026 2344 1103 posteaqve
2390 1018 2563 1104 apud
2604 1022 2818 1104 ignem

253 1127 623 1209 exspirasse
643 1128 687 1190 ³.
799 1126 949 1205 Qvae
1007 1147 1154 1190 cum
1204 1127 1399 1192 sociis
1442 1126 1846 1209 probaretur,
1893 1132 2302 1191 sacramento
2349 1125 2819 1191 confirmabant

249 1253 381 1298 non
449 1232 646 1298 aliam
706 1233 787 1297 de
851 1238 1060 1297 morte
1122 1231 1393 1297 Haraldi
1455 1232 1648 1314 Regis
1705 1234 2093 1298 sententiam
2147 1253 2218 1297 se
2265 1232 2814 1297 disseminaturos.

248 1338 372 1403 Hic
417 1359 639 1403 rumor
682 1339 762 1404 de
807 1344 1014 1403 morte
1057 1339 1228 1421 regis
1270 1345 1480 1403 totum
1523 1340 1868 1404 triennium
1913 1340 2181 1418 duravit,
2228 1339 2435 1403 donec
2481 1338 2676 1403 aliam
2720 1339 2817 1421 (ut

249 1464 400 1509 mox
454 1442 788 1526 dicetur)4
844 1443 924 1509 de
978 1444 1115 1509 fato
1158 1446 1337 1528 regio
1382 1447 1772 1511 sententiam
1813 1447 1955 1529 ipse
1998 1445 2158 1511 facti
2203 1450 2391 1510 autor
2433 1443 2814 1510 Palmatoko

249 1550 579 1635 proderat.
670 1606 677 1611 .

562 1655 866 1722 Historiae
910 1657 1183 1724 Haraldi
1228 1658 1569 1725 Gormonis
1612 1660 1807 1742 Regis
1851 1660 2078 1726 Daniae
2120 1657 2285 1725 finis.

1266 1963 1581 2036 SEGTIO
1647 1966 1807 2036 IV.⁶

706 2130 1018 2215 svnNo
1079 2131 1520 2217 HARALDI
1591 2131 1788 2215 REX
1864 2080 2354 2219 DANoRUM.

1392 2360 1584 2421 cAP.
1628 2361 1685 2416 1.

249 2506 457 2573 Sveno
501 2513 778 2589 paterno
831 2507 1043 2589 funeri
1079 2508 1266 2591 justa
1308 2507 1513 2587 solvit,
1565 2506 1930 2573 Pabmatoko
1976 2527 2046 2573 se
2086 2507 2258 2572 necis
2300 2508 2493 2590 reyiae
2537 2512 2817 2574 autorem

1396 2607 1650 2688 fatetur.

554 2777 952 2858 Palmatoko‚
1015 2796 1170 2860 rege
1222 2774 1552 2855 transfim,
1620 2776 1705 2840 ad
1747 2797 1944 2841 naves
1994 2797 2064 2841 se
2107 2782 2468 2860 receperat,
2536 2776 2816 2840 accersi-

247 2883 458 2967 tisqve
496 2884 802 2950 militibus
850 2884 1110 2948 circiter
1150 2882 1386 2965 viginti,
1434 2880 1519 2946 ad
1566 2880 1926 2948 Svenonem
1972 2883 2202 2948 eadem
2244 2887 2437 2947 nocte
2482 2881 2812 2965 profectus

246 2988 479 3071 fuerat,
528 3011 713 3074 qvem
764 2991 1022 3056 anxium
1063 2990 1466 3070 maximoqve
1509 3009 1783 3054 maerore
1830 2986 2136 3055 affectum
2180 3010 2277 3069 eo,
2325 2989 2492 3072 qvod
2526 3009 2605 3053 ex
2624 2993 2818 3072 portu

250 3096 630 3179 erumpendi
696 3118 881 3181 spem
944 3095 1317 3178 ademptam
1379 3098 1658 3176 putaret,
1725 3096 1980 3177 invenit,
2048 3117 2233 3179 qvem
2289 3098 2383 3161 sic
2442 3096 2814 3160 consolatus

251 3206 382 3267 est:
472 3202 675 3283 Bono,
731 3204 946 3287 inqvit,
1004 3203 1216 3267 animo
1274 3200 1526 3265 alumne
1574 3207 1736 3266 esto.
1823 3202 2004 3268 Idem
2025 3206 2052 3244 ⁶
2092 3225 2213 3269 nos
2259 3202 2485 3269 ambos
2529 3202 2817 3267 manebit

247 3309 473 3374 fatum.
560 3309 761 3374 Porro
804 3309 999 3392 Regis
1043 3306 1315 3373 Haraldi
1360 3307 1589 3372 classis
1631 3313 1891 3391 portum
1933 3312 2000 3374 in
2027 3311 2433 3376 latitudinem
2463 3309 2590 3374 hoc
2620 3308 2813 3372 modo

249 3421 686 3500 occupaverat
698 3418 745 3496 ⁷,
810 3421 882 3480 ut
921 3416 1109 3480 unius
1152 3414 1332 3479 navis
1375 3434 1638 3496 proram
1683 3415 1945 3480 alterius
1992 3418 2244 3499 puppis,
2313 3413 2560 3480 duabus
2607 3420 2814 3479 extre-

246 3524 388 3603 mis,
454 3524 663 3607 prima
714 3542 946 3605 nempe
1005 3528 1070 3587 et
1110 3520 1352 3601 ultima,
1418 3521 1495 3584 in-
1530 3520 1707 3585 sicco
1751 3520 1887 3586 fere
1935 3522 2254 3587 stantibus
2316 3522 2551 3601 littore,
2610 3522 2814 3586 conti-

245 3635 449 3694 nuato
496 3630 718 3695 ordine
764 3629 1277 3712 subseqveretur‚
1325 3647 1541 3711 eaeqve
1588 3648 1809 3693 omnes
1853 3627 2216 3712 ligamentis
2259 3630 2428 3694 inter
2471 3649 2542 3694 se
2585 3628 2815 3692 firmis-

251 3737 430 3801 simis
479 3756 787 3802 connexae
836 3741 1038 3802 erant.

557 3843 653 3908 Eo
701 3843 976 3927 cognit0‚
1029 3840 1408 3907 Palmatoko
1453 3840 1578 3906 hoc
1627 3843 1801 3928 cepit
1853 3845 2120 3924 consilii,
2164 3850 2254 3923 ut,
2297 3844 2365 3907 in
2410 3843 2813 3907 extremitate

246 3970 460 4034 prorae
526 3951 781 4016 navium
850 3948 1158 4015 Svenonis
1216 3947 1514 4014 anchoris
1578 3951 1939 4015 arctissime
1995 3951 2291 4033 alligatiS,
2358 3950 2551 4014 remis
2616 3970 2813 4014 naves

250 4077 439 4139 qvam
484 4056 873 4122 validissime
917 4054 1448 4138 propellerentur.
1535 4056 1701 4120 Fore
1747 4057 1917 4121 enim
1958 4057 2250 4139 putabat,
2295 4062 2368 4120 ut
2408 4055 2535 4120 hac
2563 4056 2813 4121 ratione

246 4184 446 4229 naves
490 4165 684 4248 regiae
731 4163 1010 4228 minores
1057 4166 1168 4225 aut
1209 4161 1705 4244 infringerentur
1750 4168 1862 4228 aut
1906 4164 2103 4228 etiam
2141 4167 2597 4227 everterentur.
2688 4161 2814 4228 Cu-

320 4304 338 4335 ¹
378 4304 475 4356 59:
507 4301 819 4369 Fiolnerus,
848 4300 969 4355 idet
1002 4304 1062 4378 to
1110 4299 1335 4370 Streger
1371 4316 1432 4353 er
1464 4299 1719 4360 tilfaiede
1757 4318 1890 4356 over
1927 4320 1959 4355 o
1994 4302 2124 4356 med
2158 4302 2416 4360 merkere
2451 4302 2628 4358 Blaek.

307 4395 334 4425 ²
371 4395 532 4447 1778:
568 4409 818 4461 gressum
856 4391 927 4446 ad
961 4409 1130 4446 naves
1168 4393 1413 4462 dirigens
1450 4393 1615 4446 sociis
1650 4393 1797 4447 hanc
1835 4393 1905 4447 de
1943 4396 2045 4447 eto.
2066 4394 2172 4445 —i
2211 4395 2277 4447 59
2316 4410 2376 4446 er
2402 4394 2533 4447 med
2555 4395 2813 4452 morkere

383 4482 542 4536 Blaek
578 4483 808 4538 “sociis“
844 4486 1017 4537 rettet
1049 4484 1116 4536 til
1154 4483 1396 4537 “socias“
1437 4501 1510 4554 og
1546 4483 1775 4537 Comma
1810 4488 1895 4538 sat
1932 4483 2071 4538 ester
2107 4484 2436 4554 “dirigens“.

323 4578 346 4609 ⁸
382 4577 474 4629 59:
513 4575 810 4644 expirasse.
950 4576 975 4607 ⁴
1015 4577 1176 4630 1778:
1216 4574 1502 4629 Commata
1536 4574 1625 4629 for
1658 4574 2113 4644 Parenthestegn.

324 4668 348 4701 ⁶
380 4666 635 4736 mangler
667 4666 689 4719 i
724 4667 806 4721 59.
949 4667 972 4698 ⁰
1015 4667 1172 4721 1778:
1211 4668 1350 4736 estc,
1383 4666 1548 4721 idem.
1693 4671 1717 4702 ⁷
1752 4670 1845 4726 59:
1884 4669 2199 4737 occuparat.
