3350 5234
1601 282 1685 349 45

1437 456 1626 511 GAP.
1671 455 1858 513 XVI.

804 598 1332 680 Jomsburyenses
1372 599 1672 667 inauditis
1710 599 2029 662 miraculis
2075 597 2495 661 devincuntur.

682 788 850 851 Dum
910 789 1004 850 ita
1068 787 1328 850 summis
1383 786 1672 868 utrinqve
1740 784 2075 849 conatibus
2142 781 2528 861 certabatur,
2592 782 2912 848 nubecula

375 892 666 973 qvaedam
706 912 926 956 versus
972 891 1473 973 septentrionem
1517 890 1738 972 (antea
1782 891 1950 954 enim
1993 889 2306 952 serenitas
2355 888 2517 952 mira
2562 909 2708 952 cum
2748 888 2914 952 coeli

377 997 828 1077 tranqvillitate
870 995 1105 1077 fuerat)
1153 996 1383 1059 exoriri
1424 996 1562 1059 visa
1606 1000 1722 1059 est.
1811 994 1960 1071 Qvee
1983 996 2006 1032 ¹
2073 1014 2217 1058 cum
2258 993 2461 1073 magis
2504 994 2756 1075 magis²
2810 1013 2912 1057 as-

378 1107 682 1184 surgeret,
727 1106 978 1166 tantum
1021 1120 1240 1164 secum
1285 1098 1664 1182 derepente³
1706 1103 2159 1180 tempestatem
2191 1119 2270 1162 ex
2288 1103 2478 1161 vento
2497 1099 2909 1176 validissimO,

378 1206 523 1288 gelu
564 1207 990 1271 intentissimo
1053 1211 1118 1269 et
1175 1205 1481 1286 grandine
1545 1205 1865 1268 inusitatae
1931 1204 2381 1285 magnitudinis
2429 1201 2773 1267 conflatam
2816 1208 2912 1266 at-

375 1312 538 1390 tulit,
606 1316 679 1376 ut
716 1312 916 1376 talem
958 1308 1297 1395 aliqvando
1343 1308 1688 1390 contigisse
1730 1308 1917 1373 nullis
1960 1310 2385 1373 monumentis
2428 1308 2753 1390 proditum
2793 1329 2911 1372 un-

379 1434 566 1505 qvam
607 1415 814 1480 fuerit.

682 1519 881 1585 Huic⁴=
925 1525 1139 1583 autem
1197 1522 1570 1603 tempestati
1611 1521 1846 1585 faciem
1885 1519 1925 1584 J
1929 1518 2402 1583 omsvichenses
2469 1517 2905 1600 obvertebant,

386 1625 506 1705 qvi,
570 1629 642 1688 ut
682 1625 935 1707 plurimi
994 1625 1451 1707 Norvagorum,
1524 1626 1607 1691 ob
1682 1626 1965 1690 calorem
2027 1643 2103 1688 eo
2171 1622 2272 1687 die
2329 1644 2408 1687 ex
2450 1623 2650 1687 arduo
2692 1624 2915 1688 labore

387 1727 683 1793 obortum
740 1728 1025 1793 vestibus
1091 1731 1262 1795 exuti
1328 1736 1393 1795 et
1455 1732 1671 1796 loricis
1728 1727 2125 1796 solummodo
2171 1749 2404 1810 corpus
2450 1728 2671 1792 amicti
2714 1734 2915 1792 erant.

386 1832 568 1898 Unde
621 1834 1078 1917 permultorum
1131 1835 1710 1901 Jomsvichensium
1749 1837 1945 1900 vitam
1987 1835 2128 1899 haec
2174 1839 2310 1899 tam
2353 1834 2566 1898 subita
2609 1833 2776 1896 aeris
2822 1834 2917 1898 in-

384 1940 728 2020 temperies
780 1940 948 2004 tristi
1000 1941 1172 2005 exitu
1216 1940 1577 2007 claudebat.
1663 1940 2001 2006 Havardus
2043 1961 2194 2005 vero
2238 1940 2475 2003 Boonis
2522 1958 2738 2002 comes
2784 1938 2919 2003 alii-

387 2054 505 2124 qve
551 2064 736 2126 qvam
777 2046 1047 2127 plurimi,
1106 2045 1338 2128 qvibus·
1370 2047 1882 2129 perspicaciores
1928 2047 2148 2109 oculos
2193 2050 2423 2109 natura
2467 2043 2751 2122 dederat,
2794 2043 2920 2106 hoc

389 2148 617 2212 eodem
669 2156 908 2232 puncto
971 2142 1301 2214 mulierem
1343 2152 1657 2233 qvandam
1700 2153 1766 2215 in
1810 2151 2075 2215 editiore
2118 2151 2297 2214 navis
2341 2149 2616 2231 Haqvini
2656 2147 2922 2230 pergula

390 2257 667 2317 stantem
727 2275 991 2336 eamqve
1047 2276 1085 2319 a
1128 2257 1344 2338 qvovis
1390 2256 1584 2339 digito
1629 2257 1897 2321 missilia
1936 2257 2003 2320 in
2044 2254 2578 2335 Jomsburgenses
2624 2258 2920 2334 torqv‘en-

388 2362 519 2421 tem
563 2364 628 2422 et
671 2359 928 2423 assidue
974 2380 1085 2423 eos
1138 2367 1653 2442 prosternentem
1710 2362 2307 2427 animadverterunt.
2393 2359 2685 2423 Eandem
2729 2358 2923 2422 etiam

391 2461 738 2544 Sigvaldus,
805 2464 1094 2529 omnibus
1157 2465 1225 2529 id
1290 2466 1853 2548 comprobantibus
1921 2468 2131 2544 sociiS,
2193 2464 2378 2530 viditz
2449 2464 2513 2527 Is
2570 2462 2920 2542 asserebat,

388 2587 521 2631 non
588 2589 733 2632 cum
785 2568 1144 2635 hominibus
1199 2571 1316 2635 sed
1359 2572 1689 2636 daemoniis
1733 2593 1900 2636 nunc
1943 2592 2081 2636 rem
2125 2590 2291 2635 esse.
2377 2569 2519 2635 Hac
2563 2588 2712 2632 vero
2758 2573 2920 2631 tem-

388 2677 642 2753 pestate
713 2693 784 2738 se
849 2675 1302 2758 aliqvantulum
1364 2678 1748 2756 remittente,
1827 2676 2154 2758 Haqvinus
2220 2675 2428 2739 denuo
2483 2671 2922 2755 Thorgerdam

390 2777 646 2859 ejusqve
693 2799 979 2844 sororem
1034 2781 1272 2863 eram
1311 2783 1611 2846 invocare
1657 2783 1871 2864 coepit
1915 2782 2159 2846 addens
2202 2780 2559 2854 victoriam,
2629 2779 2684 2840 si
2725 2776 2919 2842 modo
2985 2814 2990 2818 ·

393 2884 807 2965 contingeret,
864 2887 1021 2950 satis
1078 2906 1148 2951 se
1204 2907 1438 2969 magno
1492 2889 1701 2969 pretio
1748 2888 1997 2950 emisse.
2106 2886 2266 2949 Tum
2307 2886 2518 2966 priore
2561 2882 2751 2964 longe
2796 2901 2917 2946 sae-

389 2987 526 3050 vior
591 2993 944 3071 tempestas
1013 3011 1125 3054 eos
1168 2991 1414 3071 invasit,
1462 2998 1527 3055 et
1568 2992 1608 3057 J
1612 2991 2086 3055 omsvichenses
2131 2994 2265 3053 tam
2308 2989 2627 3053 inusitatis
2671 2987 2924 3070 grandi-

390 3092 490 3155 nis
532 3092 763 3157 ictibus
810 3093 1306 3174 converberavit,
1365 3101 1438 3161 ut
1481 3080 1811 3161 oculorum
1853 3116 2038 3159 usum
2084 3096 2176 3159 eis
2224 3093 2553 3157 adimeret.
2659 3093 2699 3157 J
2702 3113 2925 3175 amqve

392 3195 551 3261 duas
592 3199 660 3261 in
700 3199 974 3281 Haqvini
1014 3203 1217 3265 nave⁵
1257 3202 1573 3280 muliereS,
1619 3201 1844 3266 ambas
1891 3201 2136 3278 eodem,
2184 3219 2302 3280 qvo
2347 3200 2627 3280 priorem
2655 3197 2923 3274 viderat,

392 3301 602 3367 officio
644 3303 998 3386 fungenteS,
1042 3305 1379 3370 Havardus
1413 3307 1769 3389 conspexit.
1856 3305 2137 3369 Maxima
2168 3309 2304 3368 tum
2338 3303 2378 3369 J
2382 3301 2925 3368 omsvichensibus

391 3407 627 3471 damna
687 3409 868 3473 illata
923 3416 1098 3489 sunt;
1166 3410 1386 3493 qvibus
1439 3410 1594 3474 licet
1636 3411 1926 3474 homines
1973 3410 2417 3490 daemonesqve
2460 3410 2787 3490 negotium
2831 3406 2926 3472 fa-

395 3519 741 3591 cesserent,
802 3516 1010 3579 animo
1054 3520 1274 3580 tamen
1317 3517 1467 3596 acri,
1527 3514 1737 3598 qvoad
1777 3515 1973 3593 licuit,
2017 3514 2273 3578 fuerunt
2328 3519 2392 3578 et
2438 3518 2814 3578 constanter
2856 3531 2926 3576 se

393 3616 831 3685 defenderunt.

689 3723 866 3791 Hoc⁶
913 3729 1203 3807 tempore
1244 3724 1312 3788 in
1353 3724 1591 3788 Boonis
1634 3744 1864 3789 navem
1906 3723 2305 3789 Thorchillus
2349 3723 2781 3806 Midlangerus
2827 3722 2925 3786 in-

392 3830 752 3894 cursionem
814 3830 986 3909 fecit,
1062 3829 1390 3912 Booniqve
1456 3834 1707 3912 partem
1772 3830 1916 3894 nasi
1977 3829 2411 3912 primoresqve
2480 3829 2704 3893 dentes
2784 3848 2930 3892 cum

389 3938 605 3998 mento
673 3935 884 4016 gladio
945 3935 1235 4000 abscidit.
1363 3934 1524 3999 Tum
1566 3935 1662 4000 Bo
1686 3937 1749 3998 ⁷:
1814 3934 2003 4000 Certe
2056 3934 2276 3999 Danas
2332 3936 2606 4016 virgines
2649 3933 2927 4017 posthac

393 4039 608 4103 svavia
650 4040 834 4105 nobis
877 4040 1064 4105 basia
1107 4040 1261 4105 dare
1304 4039 1707 4124 pertaedebit.
1810 4038 2057 4105 Deinde
2102 4039 2536 4105 Thorchillum
2580 4059 2919 4123 aggressus

388 4143 455 4208 in
496 4143 776 4209 medium
821 4145 1142 4227 dissecuit,
1188 4165 1308 4229 qvo
1352 4146 1546 4225 fact0,
1593 4165 1740 4209 cum
1783 4145 2030 4209 scriniis
2065 4164 2219 4208 auro
2258 4147 2523 4226 onustis,
2559 4166 2695 4229 qvae
2722 4144 2924 4210 Strut-

388 4247 658 4314 haraldo
703 4249 1019 4333 qvondam
1064 4251 1400 4333 eripuerat,
1443 4251 1511 4314 in
1551 4270 1730 4315 mare
1772 4250 2061 4333 prosiliit.
2149 4249 2272 4315 Hic
2318 4257 2458 4318 erat
2494 4251 2661 4317 illius
2699 4252 2925 4329 exitus,

465 4388 483 4420 ¹
528 4390 684 4442 1778:
725 4391 824 4455 est,
861 4404 994 4455 qvae,
1139 4392 1164 4422 ²
1205 4390 1358 4444 1778:
1398 4388 1697 4457 magisqve.
1846 4392 1867 4421 ³
1905 4391 2063 4442 1778:
2103 4387 2172 4442 de
2207 4393 2452 4458 repente.

459 4479 486 4511 4
524 4480 655 4531 1778
689 4478 790 4530 har
822 4477 951 4530 ikke
987 4477 1311 4532 Liniebrud.
1455 4483 1477 4512 ὁ
1516 4481 1671 4533 1778:
1708 4494 1898 4534 naves.

462 4571 485 4603 ⁶
523 4570 653 4622 1778
686 4568 788 4623 har
820 4567 949 4622 ikke
983 4567 1303 4623 Liniebrud‚
1445 4571 1469 4602 ⁷
1502 4568 1693 4637 Begge
1727 4568 1907 4622 Afskr.
1945 4568 2075 4625 har:
2115 4567 2281 4621 “Bo“.
