3350 5234
1775 321 1858 386 26

526 490 711 549 terea
765 485 886 550 toti
938 484 1185 565 Danise,
1231 484 1374 550 sola
1416 490 1695 568 excepta
1733 485 1979 566 Fionia,
2020 484 2261 551 bellum
2311 485 2553 568 facies3
2597 485 2769 571 qvod
2811 488 2868 552 si
2913 508 3103 554 arma

529 596 759 656 contra
813 596 880 655 te
938 611 1192 656 sumere
1254 591 1568 675 qvispiam
1622 591 1905 672 audebit,
1962 611 2082 675 ego
2125 591 2263 673 tibi,
2307 592 2362 657 si
2405 612 2661 678 qvoqvo
2712 591 2910 658 modo
2955 592 3101 659 fieri

525 702 763 781 potest,
840 696 1127 762 subsidio
1190 698 1459 762 veniam.
1554 696 1722 762 Illud
1783 703 2002 764 autem
2043 698 2412 763 memineris
2455 704 2642 783 terga
2683 698 2984 764 hostibus
3027 704 3096 765 te

526 823 673 869 meo
719 803 988 869 consilio
1032 823 1354 886 nunqvam
1400 802 1717 867 daturum.
1784 803 2023 881 Qvibus
2069 802 2279 883 dictis,
2312 802 2717 888 Palmatoko,
2749 805 2897 870 navi
2939 825 3094 870 con-

527 929 781 991 scensa,
828 911 896 976 in
936 908 1379 976 Bretlandiam
1420 909 1566 974 vela
1594 907 1785 988 facit3
1829 907 2037 975 Sveno
2077 915 2295 975 autem
2329 910 2586 975 nutricii
2615 917 3096 995 praeceptorum

528 1036 659 1081 non
701 1017 1054 1097 imm0mor‚
1101 1037 1286 1099 qvam
1330 1020 1569 1099 potest,
1613 1015 2157 1081 truculentissime
2199 1017 2267 1080 in
2312 1035 2536 1081 omnes
2559 1015 2787 1081 Daniae
2819 1017 3094 1097 incolas,

524 1128 953 1207 praeterqvam
998 1123 1256 1202 Fionos‚
1303 1123 1502 1201 saevit,
1548 1141 1787 1203 eosqve
1834 1121 2128 1187 omnibus
2163 1124 2426 1186 exutos¹
2469 1119 2743 1187 fortunis
2781 1122 3096 1187 crudelis-

528 1229 687 1293 sime
752 1228 1056 1294 trucidat.
1170 1227 1287 1306 Qvi
1350 1247 1503 1292 vero
1549 1247 1585 1291 e
1631 1225 1942 1293 Svenonis
1985 1226 2282 1292 manibus
2328 1228 2534 1312 elapsi
2577 1234 2742 1309 sunt,
2807 1227 2965 1312 fuga
3008 1229 3099 1294 ad

524 1334 884 1400 Haraldum
922 1332 1119 1415 facta,
1170 1354 1290 1416 per
1332 1334 1545 1397 omnia
1590 1351 1801 1413 sacra,
1860 1332 2157 1398 manibus
2199 1334 2267 1398 in
2311 1334 2564 1399 coelum
2608 1335 2898 1415 sublatis,
2945 1355 3096 1400 eum

527 1440 1041 1519 obtestabantur,
1105 1445 1178 1504 ut
1238 1438 1339 1503 his
1404 1438 1590 1504 malis
1635 1439 1945 1504 citissime
1992 1445 2379 1520 occurreret,
2448 1445 2515 1504 et
2558 1446 2672 1505 aut
2712 1441 3098 1524 reprimeret

527 1553 639 1611 aut
683 1546 1077 1630 opprimeret
1111 1545 1472 1611 Svenonem
1513 1547 1773 1630 impune
1820 1565 1941 1610 ceu
1981 1544 2203 1628 lupum
2244 1547 2311 1611 in
2356 1566 2508 1611 oves
2553 1553 2984 1629 grassantem.

1603 1852 1793 1910 OAP.
1839 1854 2026 1914 XVI.

958 1996 1325 2063 Palmatoko
1371 1996 1537 2080 Reyi
1579 1996 1660 2061 H
1654 1965 1878 2064 araldo
1921 2000 2113 2063 vitam
2156 2000 2392 2081 sayitta
2436 1998 2673 2063 adimit.

833 2188 973 2253 Rex
1034 2187 1361 2252 Haraldus
1424 2187 1785 2253 incolarum
1847 2189 2074 2253 Daniae
2139 2187 2529 2253 creberrimo
2581 2187 2845 2251 incursu
2902 2188 3094 2252 mise-

526 2295 869 2378 randisqve
936 2293 1296 2377 gemitibus,
1363 2295 1511 2375 ipsa
1576 2294 1847 2376 deniqve
1909 2296 2305 2360 necessitate
2366 2298 2432 2358 et
2495 2290 2721 2357 effreni
2780 2290 3093 2357 Svenonis

528 2403 811 2467 amentia
865 2401 1234 2484 compulsus
1301 2420 1483 2464 arma
1539 2406 1770 2465 contra
1838 2399 2036 2465 filium
2078 2399 2499 2483 (horrendum
2543 2418 2701 2463 sane
2749 2396 2952 2480 dictu)
2995 2400 3094 2463 in-

525 2511 690 2574 vitus
757 2508 967 2587 sumit,
1032 2506 1452 2586 deductisqve
1515 2506 1581 2568 in
1637 2506 1837 2569 altum
1892 2508 2345 2589 qvinqvaginta
2384 2505 2753 2570 lectissimis
2803 2505 3092 2586 navigiis,

525 2613 884 2679 Svenonem
935 2610 1204 2676 navibus
1259 2611 1566 2694 stipatum
1610 2610 1695 2678 24
1738 2611 1822 2675 ad
1864 2612 2347 2678 Bornholmiam
2410 2616 2605 2677 nocte
2671 2610 2806 2675 fere
2860 2611 3091 2674 intem-

526 2727 718 2804 pesta
762 2717 1049 2784 offendit.

831 2824 995 2888 Die²
1062 2823 1480 2888 illucescente
1538 2823 1623 2887 ad
1690 2844 1872 2888 arma
1916 2822 2258 2889 confestim
2299 2825 2593 2906 utrinqve
2638 2822 2914 2886 curritur
2953 2842 3092 2887 ma·

525 2935 699 2998 xima
752 2930 835 2995 ab
879 2936 1147 3011 utraqve
1190 2934 1378 3012 parte
1425 2929 1856 3009 contentione,
1903 2928 2111 2993 donec
2154 2951 2438 3013 pugnam
2491 2949 2620 2993 nox
2661 2929 3090 2993 interveniens

528 3037 871 3102 dirimeret.
927 3034 1067 3099 Rex
1094 3033 1420 3098 Haraldus
1450 3032 1676 3098 fauces
1712 3040 1937 3117 portus
1973 3042 2409 3119 occupaverat
2424 3037 2469 3115 ⁸,
2516 3033 2913 3117 Svenoniqve
2956 3054 3092 3098 om-

527 3164 676 3208 nem
742 3139 1087 3224 effugiendi
1158 3141 1328 3203 viam
1394 3141 1623 3224 (prope
1688 3141 1867 3211 littus
1915 3142 2083 3206 enim
2131 3140 2483 3206 anchoram
2525 3138 2787 3222 fixerat)
2832 3139 3095 3205 inclusit

529 3269 676 3314 eum
720 3247 822 3312 die
867 3245 1158 3329 seqventi
1202 3266 1348 3308 cum
1391 3246 1685 3311 omnibus
1732 3247 2082 3329 conjuratis
2129 3267 2165 3312 e
2208 3247 2421 3311 medio
2468 3246 2854 3311 sublaturus.

833 3353 1083 3418 Eodem
1105 3353 1137 3391 4
1199 3371 1468 3435 vespere
1523 3373 1651 3417 non
1694 3354 1923 3435 procul
1967 3352 2049 3418 ab
2093 3351 2366 3417 Haraldi
2410 3353 2621 3417 classe
2664 3352 3045 3418 Palmatoko
3063 3357 3092 3394 ⁶

528 3462 749 3546 viginti
814 3466 1085 3542 qvatuor
1147 3458 1415 3524 navibus
1482 3457 1568 3523 ad
1618 3459 1897 3523 insulam
1959 3457 2329 3542 appulerat3
2392 3459 2449 3523 is
2504 3459 2572 3522 in
2615 3464 2858 3523 terram
2901 3459 3092 3542 galea

531 3574 745 3652 caput,
790 3567 1098 3649 pharetra
1143 3572 1208 3630 et
1253 3587 1408 3630 arcu
1439 3565 1762 3644 humer08‚
1808 3584 1962 3628 ense
1996 3564 2166 3629 latus
2203 3566 2467 3647 cingens
2491 3563 2848 3629 descendit.
2892 3564 3090 3630 Forte

529 3674 788 3740 fortuna
847 3673 987 3736 Rex
1049 3671 1374 3736 Haraldus
1417 3691 1648 3735 novem
1715 3672 1991 3753 stipatus
2039 3670 2350 3734 militibus
2394 3672 2460 3735 in
2502 3672 2779 3736 vicinam
2819 3671 3088 3738 navibus

532 3781 773 3866 sylvam
816 3779 1142 3862 digressus
1186 3776 1415 3857 fuerat,
1458 3776 1798 3858 focumqve
1841 3778 1908 3839 in
1949 3775 2096 3841 loco
2144 3777 2419 3859 qvodam
2456 3776 2729 3841 accendi
2752 3782 3090 3843 curaverat

529 3886 823 3954 membra
873 3885 1088 3949 nativo
1146 3883 1362 3949 calore
1415 3882 1550 3947 fere
1596 3882 1906 3947 destituta
1947 3882 2106 3966 (jam
2151 3884 2320 3947 enim
2366 3883 2451 3948 ad
2496 3882 2780 3965 crudam,
2845 3888 2919 3949 ut
2961 3884 3090 3949 dici

532 3995 716 4075 solet,
763 3998 1095 4057 senectam
1137 3990 1546 4074 pervenerat)
1590 3990 1860 4055 foturus.
1950 3988 2317 4072 Conspecto
2367 3990 2560 4072 igitur
2600 3990 2768 4073 igne,
2832 3990 3087 4056 Palma-

529 4101 685 4167 toko
750 4100 846 4164 rei
914 4099 1200 4163 novitate
1256 4097 1578 4179 incensus,
1646 4096 1946 4180 qvidnam
2007 4095 2098 4162 ibi
2136 4117 2352 4161 rerum
2396 4101 2641 4180 agatur,
2712 4098 2963 4163 visurus
3008 4118 3086 4164 eo

532 4206 808 4273 deflexit.
893 4205 1038 4270 Nox
1082 4209 1223 4270 erat
1261 4205 1671 4288 intempesta.
1762 4202 1921 4268 Cum
1937 4204 1965 4242 ⁶
2008 4207 2226 4267 autem
2265 4203 2511 4287 Regem
2539 4202 2898 4270 Haraldum
2939 4224 3086 4271 esse

527 4314 971 4393 intellexisset,
1025 4313 1280 4377 intenso
1343 4332 1515 4392 arcu,
1580 4311 1819 4394 sagitta
1879 4329 2102 4392 regem
2162 4314 2392 4392 pectus
2458 4311 2588 4394 igni
2643 4307 3087 4379 obvertentem

529 4419 1072 4488 transverberavit
1114 4418 1364 4502 vitaqve
1410 4417 1584 4484 dicto
1632 4418 1820 4483 citius
1866 4413 2133 4482 orbavit.

603 4562 623 4595 ¹
662 4560 820 4615 1778:
857 4561 1097 4613 exustos.
1238 4560 1264 4592 ²
1301 4559 1459 4613 1778:
1494 4556 1599 4612 har
1631 4556 1763 4611 ikke
1798 4555 2119 4611 Liniebrud.
2264 4560 2287 4593 ⁸
2321 4558 2416 4613 59:
2454 4560 2773 4628 occuparat.

598 4655 625 4689 ⁴
657 4653 816 4711 1778:
853 4651 956 4706 har
987 4649 1119 4706 ikke
1153 4647 1475 4706 Liniebrud.
1559 4652 1582 4684 ⁶
1603 4651 1761 4705 17⁷8:
1797 4647 2172 4705 Palmatocko.
2255 4651 2280 4685 ⁶
2303 4652 2460 4706 17782
2495 4648 2906 4723 intempestiva,
2941 4665 3084 4709 cum.
