3350 5234
1543 356 1629 420 35

614 520 715 585 Ad
756 520 983 585 harum
1024 527 1181 586 natu
1224 523 1569 588 maximam
1603 525 1884 589 animum
1915 521 2247 605 Sigvaldus
2282 522 2543 604 appulit,
2591 543 2855 606 eamqve

302 627 424 692 sibi
487 630 554 692 in
618 628 1090 692 matrimonium
1151 628 1453 692 collocari
1505 631 1693 711 petiit
1747 651 1788 693 a
1827 630 2003 711 Rege
2047 627 2387 692 Burisleifo
2459 648 2644 692 suum
2685 628 2856 692 illico

304 755 450 797 cum
510 734 552 798 J
555 732 1119 813 omsburgensibus
1156 728 1436 814 abitum,
1494 739 1548 800 si
1601 736 1928 818 repulsam
1969 734 2183 813 ferret,
2242 735 2590 798 minitatus.
2698 733 2853 812 Rex,

306 839 711 904 deliberandi
776 840 985 920 spatio
1051 840 1413 920 impetrate,
1467 842 1665 906 filiam
1720 842 1800 905 de
1845 840 2122 923 Sigvaldi
2163 840 2472 922 petitione
2518 840 2856 903 certiorem

301 944 530 1010 reddit.
643 946 793 1023 Qvae
849 945 1216 1027 respondit:
1307 946 1465 1026 Scis,
1530 949 1748 1030 inqvit,
1811 952 2016 1029 pater,
2071 965 2338 1028 regnum
2392 950 2569 1009 tuum
2615 944 2857 1009 crebris

301 1050 770 1115 incursionibus
828 1051 1104 1116 antehac
1159 1050 1503 1116 obnoxium
1565 1053 1783 1132 fuisse,
1850 1073 1985 1134 qvae
2051 1073 2221 1115 nunc
2263 1050 2857 1134 Jomsburgensium

300 1156 619 1222 beneficio
667 1158 850 1221 annis
895 1157 1133 1239 aliqvot
1176 1158 1698 1240 conqvieverunt3
1744 1158 1911 1242 qvod
1955 1160 2010 1222 si
2046 1178 2158 1221 eos
2196 1155 2373 1222 abire
2395 1158 2657 1238 pateriS,
2701 1156 2857 1221 nihil
2944 1190 2951 1195 ·

303 1263 567 1328 dubium
614 1269 715 1328 est
756 1269 889 1327 tam
935 1284 1156 1328 eorum
1201 1284 1387 1345 qvam
1431 1264 1701 1329 aliorum
1741 1264 2119 1346 praedonum
2153 1285 2334 1329 arma
2368 1262 2483 1327 tibi
2509 1261 2857 1326 metuenda

303 1389 467 1434 esse.
541 1369 907 1452 Sigvaldum
951 1370 1163 1450 itaqve
1207 1370 1337 1432 voti
1383 1376 1750 1452 compotem
1796 1371 1920 1435 hac
1964 1372 2107 1453 lege
2138 1370 2355 1449 facito,
2400 1374 2488 1448 ut,
2514 1374 2856 1450 anteqvam

298 1478 459 1541 meis
505 1478 791 1558 potiatur
835 1474 1291 1557 complexibuS,
1328 1474 1585 1555 tributa,
1619 1498 1758 1559 qvae
1800 1477 2135 1560 qvotannis
2160 1476 2433 1541 Svenoni
2449 1477 2609 1558 Regi
2629 1476 2854 1540 Daniae

300 1581 729 1661 conferuntur,
776 1603 816 1647 a
856 1603 1054 1664 regno
1098 1587 1319 1645 nostro
1367 1588 1632 1663 avertat,
1683 1589 1795 1648 aut
1850 1582 2105 1664 efficiat,
2149 1588 2238 1662 ut,
2285 1583 2609 1648 Svenone¹
2651 1582 2753 1646 vel
2793 1582 2855 1645 vi

299 1688 398 1752 vel
473 1687 635 1752 dolis
694 1687 779 1753 ad
820 1694 885 1753 te
939 1694 1286 1771 pertracto,
1348 1690 1513 1772 qvod
1566 1690 1763 1768 voleS,
1806 1691 1874 1754 in
1928 1710 2074 1754 eum
2109 1689 2270 1773 juris
2317 1689 2631 1755 obtineas.
2716 1686 2856 1751 Has

302 1795 703 1859 conditiones
752 1817 897 1859 cum
933 1794 1264 1878 Sigvaldus
1311 1797 1656 1878 acciperet,
1715 1796 1913 1861 filiam
1958 1817 2142 1862 suam
2184 1795 2562 1862 Burisleifus
2610 1794 2750 1858 Rex
2796 1796 2857 1858 ei

301 1900 662 1983 despondit.
750 1901 865 1965 Ille
908 1903 1039 1966 voti
1085 1909 1451 1984 compotem
1495 1923 1565 1966 se
1610 1901 1855 1966 factum
1900 1923 2044 1967 esse
2101 1906 2354 1987 gavisus
2398 1900 2857 1983 Jomsburgum

296 2008 650 2086 revertitur,
696 2012 763 2072 et
806 2029 841 2072 e
883 2010 1150 2090 vestigio
1195 2008 1397 2074 tribus
1442 2008 1710 2073 navibus
1754 2010 1821 2072 in
1863 2009 2140 2074 Daniam
2182 2007 2475 2094 trajicit2,
2521 2014 2587 2073 et
2622 2008 2706 2073 ad
2739 2007 2853 2072 Se-

297 2113 584 2177 landiam
636 2135 765 2178 non
823 2114 1051 2196 procul
1105 2136 1146 2178 a
1197 2115 1364 2194 loco,
1424 2117 1491 2179 in
1547 2137 1665 2198 qvo
1711 2115 1848 2178 Rex
1893 2115 2098 2180 Sveno
2146 2118 2502 2181 convivium
2547 2114 2855 2198 agitabat,

166 2273 202 2317 ·.
298 2220 581 2302 appellit.
669 2220 831 2284 Tum
869 2222 1082 2285 missis
1127 2219 1212 2284 ad
1252 2241 1472 2303 regem
1513 2223 1762 2285 nunciis
1810 2222 2067 2285 circiter
2108 2223 2346 2303 viginti,
2390 2229 2462 2288 ut
2513 2244 2585 2288 se
2627 2220 2855 2287 morbo

296 2346 594 2408 pressum
636 2328 1010 2408 gravissimo
1053 2327 1324 2391 invisere
1371 2327 1683 2409 dignetur,
1731 2329 2003 2411 supplex
2044 2333 2247 2410 rogat.
2337 2328 2467 2392 Res
2515 2330 2685 2394 enim
2717 2349 2854 2392 ma-

296 2434 450 2497 ximi
494 2454 640 2498 esse
682 2434 1007 2511 momenti,
1055 2431 1135 2497 de
1182 2433 1403 2515 qvibus
1451 2454 1596 2498 eum
1637 2435 1788 2498 velit
1834 2438 2232 2513 conventum,
2289 2455 2445 2516 qvas
2492 2435 2632 2499 aliis
2679 2454 2854 2498 com-

298 2539 555 2604 mittere
619 2544 828 2603 tutum
890 2560 1020 2604 non
1086 2560 1231 2604 esse
1303 2539 1582 2605 dicebat.
1708 2539 1943 2618 Qvibus
2009 2541 2189 2623 regia
2233 2545 2414 2605 tecta
2465 2530 2854 2623 petentibuS,

298 2644 632 2727 Sigvaldus
700 2651 914 2710 rostra
977 2647 1233 2711 navium
1294 2644 1589 2711 faucibus
1656 2652 1882 2729 portus
1949 2646 2212 2732 obverti,
2281 2667 2585 2729 suumqve
2632 2648 2855 2729 cuiqve

298 2751 544 2816 scalmo
578 2772 824 2816 remum
851 2753 1148 2835 alligari³,
1195 2753 1375 2834 qvasi
1393 2752 1656 2836 jamjam
1692 2752 1995 2832 abituruS,
2033 2752 2320 2817 curabat.
2379 2753 2583 2818 Jussit
2605 2752 2855 2832 deinde,

296 2861 368 2920 ut
412 2878 643 2922 navem
683 2858 886 2924 littori
927 2859 1284 2941 proximam
1328 2860 1604 2941 triginta,
1673 2859 2122 2924 intermediam
2162 2860 2398 2942 viginti,
2463 2860 2601 2942 regi
2638 2865 2855 2924 autem

298 2983 484 3027 suam
545 2985 774 3028 navem
842 2964 1068 3045 decem
1138 2965 1376 3046 stipato
1437 2965 1802 3044 comitibuS,
1853 2965 2141 3048 pluribus
2196 2986 2613 3048 neqvaqvam,
2670 2969 2755 3044 at,
2801 2966 2857 3029 si

296 3075 585 3152 possent,
639 3071 1076 3152 paucioribuS,
1124 3071 1517 3136 ascendendi
1558 3072 1853 3137 facerent
1898 3073 2169 3154 copiam.
2257 3072 2395 3136 Rex
2439 3071 2664 3151 Sveno,
2711 3071 2853 3154 Sig-

214 3170 219 3179 ’
296 3176 466 3240 valdi
519 3177 831 3257 petitione
891 3177 1130 3255 audita,
1185 3177 1343 3241 nihil
1413 3178 1542 3243 doli
1586 3180 1951 3261 suspicatus
1998 3177 2363 3260 Sigvaldum
2408 3179 2702 3244 convenit
2747 3201 2854 3244 ex-

303 3287 632 3363 spectanS,
700 3284 756 3346 si
823 3284 969 3365 qvid
1024 3284 1229 3348 vellet.
1321 3284 1514 3368 Cujus
1571 3285 1872 3349 adventui
1928 3306 2075 3348 cum
2119 3284 2452 3367 Sigvaldus
2499 3286 2852 3369 gratulatus

299 3394 493 3467 esset,
542 3393 608 3452 et
649 3389 784 3470 regi
826 3389 1163 3471 magnifice
1192 3392 1447 3476 ,gratias
1494 3392 1751 3474 egisset,
1795 3392 1998 3474 petiit,
2053 3397 2126 3456 ut
2179 3413 2401 3456 aurem
2445 3392 2566 3457 sibi
2614 3394 2853 3475 paulis-

290 3517 429 3578 per,
478 3496 658 3577 qvasi
702 3496 924 3560 arcani
967 3480 1268 3577 qviddam
1312 3496 1579 3575 dicturo,
1638 3497 2027 3562 admoveret.
2117 3496 2396 3579 Cumqve
2442 3519 2532 3562 se·
2557 3501 2718 3564 rex4
2758 3502 2854 3565 in-

297 3604 586 3681 clinaret,
648 3601 981 3685 Sigvaldus
1049 3623 1195 3666 eum
1248 3603 1529 3666 medium
1572 3610 1901 3685 arreptum
1943 3604 2456 3686 pertinacissime
2502 3608 2724 3686 tenuit,
2768 3608 2855 3672 si-

296 3712 567 3795 mulqve,
637 3714 710 3773 ut
775 3707 883 3772 alii
947 3709 1141 3773 remis
1198 3707 1587 3789 incumbant,
1649 3710 1758 3774 alii
1812 3711 2132 3775 anchoras
2193 3710 2461 3791 solvant,
2505 3713 2851 3779 mandavit.

298 3820 415 3897 Qvi
453 3818 639 3900 jussa
684 3820 1106 3898 capessentes
1151 3815 1540 3881 validissime
1584 3838 1783 3881 naves
1827 3817 2264 3900 propulerunt,
2308 3820 2659 3901 paucisqve
2703 3826 2855 3902 post

299 3924 524 3990 diebus
591 3921 1049 4005 Jomsburgum
1112 3929 1557 4004 pervenerunt.
1672 3923 2059 3988 Svenoniani
2121 3944 2271 3988 vero
2327 3925 2396 3988 in
2448 3926 2663 3991 littore
2707 3927 2853 4009 plus

299 4031 589 4096 sexcenti
657 4033 934 4107 stantes,
1001 4029 1249 4094 consilii
1312 4031 1539 4112 inopes
1603 4030 1774 4094 hunc
1840 4030 2009 4112 regis
2076 4030 2172 4094 sui
2228 4051 2453 4096 casum
2509 4031 2850 4098 deflebant.

299 4135 631 4221 Sigvaldus
679 4134 939 4199 domum
985 4155 1279 4201 reversus
1327 4136 1619 4217 Svenoni,
1667 4136 1848 4219 cujus
1879 4136 1974 4201 rei
1997 4137 2205 4219 gratia
2230 4158 2375 4202 eum
2396 4138 2854 4223 Jomsburgum

301 4226 536 4309 secum⁵
566 4242 901 4320 evexisset,
947 4241 1183 4306 talibus
1228 4242 1437 4307 verbis
1484 4242 1778 4326 exponit:
1824 4242 1983 4326 Ego,
2026 4243 2242 4327 inqvit,
2288 4242 2485 4309 filiam
2532 4244 2854 4312 Burisleifi

296 4351 526 4434 Regis⁶
570 4346 976 4429 Gunnildam,
1019 4353 1091 4413 ut
1131 4347 1340 4415 forma
1379 4350 1474 4415 ita
1503 4356 1568 4416 et
1609 4349 1928 4432 sapientia
1960 4350 2232 4433 virgines
2260 4350 2345 4415 ad
2375 4355 2603 4417 unam⁶
2630 4375 2851 4420 omnes

297 4458 674 4535 vincentem,
711 4454 878 4534 tibss,
914 4454 1069 4518 mihi
1090 4475 1240 4519 vero
1256 4455 1600 4536 Astridam,
1629 4456 1817 4520 nullis
1849 4475 1995 4520 cum
2028 4455 2348 4521 Gunnilda
2372 4458 2850 4541 conferendam,

371 4596 390 4626 ¹
431 4596 587 4648 1778:
625 4592 882 4649 Svenoni.
1031 4596 1055 4625 ²
1094 4594 1252 4646 1778:
1290 4592 1524 4661 trajecit.
1669 4598 1691 4627 ³
1731 4598 1889 4649 1⁷78:
1928 4594 2174 4665 alligare.

366 4688 390 4718 ⁴
430 4687 588 4740 1778:
626 4702 725 4739 rex
762 4703 834 4739 se.
979 4689 1001 4719 ⁵
1036 4686 1131 4738 59:
1167 4684 1298 4754 mgl.
1441 4688 1463 4718 ⁶
1498 4687 1592 4738 59:
1627 4702 1819 4740 unum.
1964 4689 1990 4719 ⁷
2022 4685 2213 4757 Begge
2248 4684 2426 4740 Afskr.
2462 4687 2593 4757 mgl.
2628 4686 2815 4741 “tibi“.
