3350 5234
1317 931 1632 1002 SEGTIO
1698 932 1793 1001 I.¹

650 1142 977 1226 GORMO
1035 1133 1476 1238 (ἍΠΑΙΟ
1518 1144 1803 1242 dictus)
1858 1143 2054 1229 REX
2095 1142 2440 1229 DANIAE.

1402 1423 1594 1478 GAP.
1651 1424 1706 1479 1.

363 1565 603 1630 Gormo
648 1564 790 1631 Rex
828 1566 959 1631 vita
1000 1564 1300 1630 decedens
1342 1566 1668 1633 Kammm
1713 1568 2013 1651 qvendam
2053 1569 2234 1652 reym'
2271 1568 2750 1652 yubernatorem

1381 1675 1719 1738 constiutit.

1484 1791 1622 1800 ι-

576 1861 716 1926 Rex
778 1859 1003 1925 Daniae
1071 1858 1309 1924 Gormo
1369 1859 1545 1942 (hinc
1602 1864 1772 1928 enim
1813 1865 2249 1930 narrationem
2293 1860 2681 1942 exordimur)
2730 1881 2835 1924 sa-

266 1969 519 2052 pientia
559 1967 856 2049 insignis,
924 1966 1204 2030 omnium
1244 1986 1458 2030 rerum
1502 1966 1831 2034 affluentia
1876 1969 2181 2048 celebriS,
2250 1974 2314 2033 et
2371 1966 2642 2032 subditis
2686 1987 2833 2049 per-

270 2074 512 2138 charus
575 2071 775 2138 fuisse
841 2070 1134 2136 traditur.
1241 2070 1305 2134 Is
1362 2071 1501 2154 jam
1566 2073 1673 2138 diu
1725 2095 1993 2156 regnum
2038 2075 2625 2152 administraverat,
2691 2093 2837 2136 cum

269 2199 547 2262 seqvens
613 2182 877 2243 eventus
944 2177 1291 2242 accideret.
1377 2178 1699 2244 Venatum
1753 2181 1947 2244 animi
2000 2180 2210 2261 gratia
2262 2177 2593 2261 profectus
2637 2178 2830 2242 variis

272 2284 767 2350 delectamentis
811 2288 1018 2347 totum
1064 2282 1232 2348 diem
1277 2283 1716 2349 consumebat.
1784 2285 2103 2365 Tandem,
2150 2289 2498 2367 appetente
2541 2303 2833 2365 vespera,

271 2411 346 2455 se
392 2411 539 2454 cum
582 2388 878 2454 omnibus
924 2387 1263 2453 comitibus
1311 2389 1571 2453 domum
1611 2389 1999 2471 recipiebat,
2058 2390 2307 2455 duobus
2355 2389 2610 2468 auliciS,
2653 2387 2834 2451 Hall-

270 2495 473 2560 vardo
531 2500 597 2559 et
647 2494 972 2574 Havard0‚
1032 2514 1067 2559 e
1125 2493 1447 2577 Norvagia
1495 2494 1808 2576 oriundiS‚
1852 2496 2124 2578 relictis,
2190 2497 2293 2578 qvi
2348 2495 2581 2559 diutius
2647 2493 2834 2576 sylvis

154 2690 169 2701 ο
270 2602 595 2666 immorati
659 2600 837 2665 varia
899 2600 1050 2664 loca
1112 2620 1360 2665 summa
1415 2621 1561 2664 cum
1611 2601 1940 2683 voluptate
2002 2602 2444 2686 pererrabant.
2528 2600 2834 2682 Ingruen-

271 2707 447 2773 tibus
504 2711 721 2772 autem
775 2704 1090 2786 tenebriS,
1155 2707 1479 2771 maritima
1541 2709 1646 2772 via
1713 2707 1981 2771 domum
2044 2707 2481 2790 repedantes²
2555 2706 2836 2787 vagitum

275 2812 643 2878 audiebant.
750 2811 936 2875 Unde
978 2810 1269 2876 inaudita
1310 2832 1381 2876 re
1423 2812 1706 2895 perculsi
1750 2817 1814 2876 et
1859 2814 2280 2893 consternati,
2350 2812 2497 2894 qvid
2540 2811 2667 2875 hoc
2712 2809 2836 2875 sibi

274 2918 492 2997 vellet,
537 2915 1032 2982 meditabantur.
1097 2916 1386 2982 Tandem
1427 2939 1697 3000 puerum
1742 2918 2021 3000 eleganti
2062 2918 2271 2984 forma
2315 2919 2398 2984 ad
2441 2919 2650 3001 ripam
2695 2937 2833 2981 ma-

277 3025 364 3089 ris
407 3025 717 3107 positum,
761 3044 1045 3106 purpura
1090 3023 1442 3088 involutum
1496 3029 1561 3088 et
1606 3030 1803 3106 caput
1847 3045 1917 3089 se
1927 3025 2084 3106 ricO,
2135 3026 2237 3090 cui
2283 3024 2552 3090 annulus
2601 3043 2833 3088 aureus

277 3131 344 3194 in
394 3128 606 3194 fronte
658 3130 938 3193 insertus
996 3134 1162 3208 erat,
1226 3131 1579 3194 revinctum
1651 3131 2044 3195 invenerunt.
2155 3131 2355 3209 Qvem
2416 3131 2719 3195 continuo
2766 3130 2835 3194 in

281 3235 492 3301 aulam
547 3234 866 3318 perlatum
917 3235 1057 3317 regi
1108 3235 1587 3314 commendant,
1653 3236 1966 3318 simulque
2031 3237 2483 3318 negligentiam
2540 3256 2724 3300 suam
2767 3237 2836 3299 in

282 3340 578 3407 obeundo
645 3341 989 3405 commisso
1052 3361 1317 3405 munere
1380 3340 1827 3424 deprecantur.
1936 3341 2075 3408 Rex
2130 3348 2345 3407 autem
2384 3361 2654 3424 puerum
2697 3340 2835 3405 dili-

279 3447 648 3531 gentissime
701 3446 1066 3529 inspectum
1116 3446 1460 3511 lavandum
1518 3452 1731 3527 curat,
1786 3467 2141 3530 nomenqve
2183 3447 2422 3513 Kanuti
2464 3467 2584 3512 sua
2624 3447 2836 3529 lingva
2953 3510 2963 3517 .

280 3551 654 3638 (propterea
696 3552 864 3635 qvod
908 3552 1176 3618 annulus
1219 3551 1413 3616 fronti
1458 3552 1753 3635 alligatus
1797 3551 2057 3636 fuisset)
2105 3553 2165 3618 ei
2205 3554 2491 3636 imponit.
2557 3552 2831 3617 Praeter-

282 3679 359 3725 ea
397 3657 658 3723 fidelem
698 3678 899 3742 puero
943 3660 1257 3723 nutricem
1298 3658 1575 3741 paravit,
1634 3660 1967 3742 omniaqve
2013 3660 2073 3724 ei
2124 3660 2411 3742 parentis
2468 3659 2647 3743 (nam
2694 3660 2834 3743 ipse

276 3763 491 3831 liberis
537 3763 865 3848 carebat)⁸
907 3762 1122 3830 officia
1160 3764 1476 3848 praestitit.
1564 3762 1694 3831 Sub
1738 3764 1932 3831 finem
1975 3770 2192 3832 autem
2232 3765 2378 3832 vitae
2424 3766 2603 3832 senio
2660 3785 2835 3831 mor-

278 3870 487 3955 boque
545 3868 904 3951 confectus,
974 3892 1119 3936 cum
1165 3871 1286 3937 sibi
1321 3870 1459 3955 jam
1501 3872 1880 3938 mortalibus
1926 3877 1990 3939 et
2030 3871 2369 3937 mundanis
2412 3870 2593 3938 hisce
2636 3870 2832 3938 rebus

280 3976 765 4044 valedicendum
808 3982 1259 4061 cognosceret,
1306 3978 1530 4044 amicis
1578 3984 1642 4045 et
1688 3979 1979 4063 cognatis
2015 3978 2414 4058 convocatis,
2458 3983 2531 4044 ut
2570 3978 2629 4044 ei
2658 3976 2835 4062 jura-

280 4089 560 4150 mentum
593 4081 951 4165 fidelitatis,
998 4103 1183 4166 qvem
1222 4084 1403 4168 regni
1436 4084 1873 4169 dignissimum
1913 4084 2384 4165 arbitraretur&
2421 4088 2829 4168 praestarent,

277 4190 472 4275 petiit.
560 4188 797 4268 Qvibus
839 4209 967 4254 uno
1013 4209 1335 4256 consensu
1379 4191 1832 4272 annuentibus,
1876 4189 2229 4269 Kanutum,
2300 4211 2483 4273 qvem
2525 4192 2594 4257 in
2634 4189 2836 4257 filium

285 4296 726 4380 adoptaverat,
793 4295 975 4379 regni
1024 4294 1351 4362 haeredem
1395 4297 1743 4375 constituit,
1792 4302 1857 4360 et
1897 4297 1990 4363 ita
2032 4296 2288 4379 placide
2309 4348 2323 4377 ,
2391 4297 2564 4362 nullo
2607 4299 2836 4363 relicto

282 4400 421 4485 filio,
474 4401 645 4467 unde
690 4402 885 4468 etiam
939 4399 1177 4483 ἄπαις,
1234 4423 1350 4468 seu
1389 4402 1608 4468 liberis
1662 4422 1889 4468 carens
1936 4401 2145 4467 dictus
2192 4409 2310 4483 est,
2355 4405 2486 4469 vita
2531 4404 2833 4471 decessit.

350 4544 369 4575 ¹
403 4540 780 4597 Overskriften
816 4542 992 4613 „Sect.
1028 4541 1104 4595 I.“
1139 4542 1268 4610 mgl.
1305 4542 1326 4595 i
1360 4542 1544 4611 begge
1579 4540 1761 4596 Afskr.
1905 4545 1931 4576 ²
1968 4543 2350 4611 „repetentes“
2386 4540 2439 4595 N
2443 4558 2491 4594 0.
2537 4545 2686 4595 1778.
2722 4545 2833 4595 4to.

347 4639 367 4670 ⁸
399 4631 502 4687 Nc.
542 4636 689 4689 1778.
726 4636 776 4689 4.
811 4634 915 4688 har
949 4631 1272 4702 Saetningen
1305 4631 1456 4686 uden
1488 4628 1788 4686 Klammer.
1926 4635 1953 4666 ⁴
1987 4630 2090 4686 No,
2128 4633 2210 4688 59.
2249 4636 2299 4687 4:
2337 4631 2753 4688 arbitrarentur.
