<?xml version="1.0" encoding="UTF-8"?>
<!DOCTYPE html PUBLIC "-//W3C//DTD XHTML 1.0 Transitional//EN"
    "http://www.w3.org/TR/xhtml1/DTD/xhtml1-transitional.dtd">
<html xmlns="http://www.w3.org/1999/xhtml" xml:lang="en" lang="en">
 <head>
  <title>
</title>
<meta http-equiv="Content-Type" content="text/html;charset=utf-8" />
  <meta name='ocr-system' content='tesseract 3.04.00' />
  <meta name='ocr-capabilities' content='ocr_page ocr_carea ocr_par ocr_line ocrx_word'/>
</head>
<body>
  <div class='ocr_page' id='page_1' title='image "./jmsvkingasagail00gjesgoog_0047.png"; bbox 0 0 3350 5234; ppageno 0'>
   <div class='ocr_carea' id='block_1_1' title="bbox 1522 315 1601 378">
    <p class='ocr_par' dir='ltr' id='par_1_1' title="bbox 1522 315 1601 378">
     <span class='ocr_line' id='line_1_1' title="bbox 1522 315 1601 378; baseline 0 0"><span class='ocrx_word' id='word_1_1' title='bbox 1522 315 1601 378; x_wconf 82' lang='lat'>21</span> 
     </span>
    </p>
   </div>
   <div class='ocr_carea' id='block_1_2' title="bbox 295 478 2845 888">
    <p class='ocr_par' dir='ltr' id='par_1_2' title="bbox 295 478 2845 888">
     <span class='ocr_line' id='line_1_2' title="bbox 299 478 2841 565; baseline -0.004 -18"><span class='ocrx_word' id='word_1_2' title='bbox 299 504 434 565; x_wconf 79' lang='lat' dir='ltr'>qvae</span> <span class='ocrx_word' id='word_1_3' title='bbox 478 483 762 547; x_wconf 89' lang='lat' dir='ltr'>barones</span> <span class='ocrx_word' id='word_1_4' title='bbox 807 482 1157 547; x_wconf 69' lang='lat' dir='ltr'>Caesariani</span> <span class='ocrx_word' id='word_1_5' title='bbox 1201 480 1486 545; x_wconf 89' lang='lat' dir='ltr'>demoliti</span> <span class='ocrx_word' id='word_1_6' title='bbox 1529 480 1800 545; x_wconf 82' lang='lat' dir='ltr'>fuerant.</span> <span class='ocrx_word' id='word_1_7' title='bbox 1890 479 2005 543; x_wconf 92' lang='lat' dir='ltr'>His</span> <span class='ocrx_word' id='word_1_8' title='bbox 2051 478 2266 560; x_wconf 81' lang='lat' dir='ltr'>gestiS,</span> <span class='ocrx_word' id='word_1_9' title='bbox 2311 479 2378 541; x_wconf 92' lang='lat' dir='ltr'>in</span> <span class='ocrx_word' id='word_1_10' title='bbox 2408 497 2656 541; x_wconf 90' lang='lat' dir='ltr'>summa</span> <span class='ocrx_word' id='word_1_11' title='bbox 2677 494 2841 557; x_wconf 89' lang='lat' dir='ltr'>pace</span> 
     </span>
     <span class='ocr_line' id='line_1_3' title="bbox 301 580 2841 670; baseline -0.003 -19"><span class='ocrx_word' id='word_1_12' title='bbox 301 593 364 652; x_wconf 92' lang='lat' dir='ltr'>et</span> <span class='ocrx_word' id='word_1_13' title='bbox 408 588 863 670; x_wconf 84' lang='lat' dir='ltr'>tranqvillitate</span> <span class='ocrx_word' id='word_1_14' title='bbox 907 588 1408 668; x_wconf 86' lang='lat' dir='ltr'>Norvagicarum</span> <span class='ocrx_word' id='word_1_15' title='bbox 1466 608 1679 650; x_wconf 90' lang='lat' dir='ltr'>rerum</span> <span class='ocrx_word' id='word_1_16' title='bbox 1737 586 1909 649; x_wconf 89' lang='lat' dir='ltr'>solus</span> <span class='ocrx_word' id='word_1_17' title='bbox 1964 585 2206 667; x_wconf 88' lang='lat' dir='ltr'>potitus</span> <span class='ocrx_word' id='word_1_18' title='bbox 2265 582 2347 647; x_wconf 92' lang='lat' dir='ltr'>ab</span> <span class='ocrx_word' id='word_1_19' title='bbox 2397 580 2689 647; x_wconf 90' lang='lat' dir='ltr'>omnibus</span> <span class='ocrx_word' id='word_1_20' title='bbox 2734 601 2841 644; x_wconf 89' lang='lat' dir='ltr'>ex-</span> 
     </span>
     <span class='ocr_line' id='line_1_4' title="bbox 299 691 2845 774; baseline -0.003 -16"><span class='ocrx_word' id='word_1_21' title='bbox 299 694 665 758; x_wconf 79' lang='lat' dir='ltr'>actionibus</span> <span class='ocrx_word' id='word_1_22' title='bbox 730 694 1027 757; x_wconf 89' lang='lat' dir='ltr'>immunis</span> <span class='ocrx_word' id='word_1_23' title='bbox 1090 692 1225 771; x_wconf 84' lang='lat' dir='ltr'>fuit,</span> <span class='ocrx_word' id='word_1_24' title='bbox 1294 714 1479 774; x_wconf 88' lang='lat' dir='ltr'>qvem</span> <span class='ocrx_word' id='word_1_25' title='bbox 1547 694 1641 755; x_wconf 91' lang='lat' dir='ltr'>sic</span> <span class='ocrx_word' id='word_1_26' title='bbox 1684 691 2019 772; x_wconf 83' lang='lat' dir='ltr'>Norvagiae</span> <span class='ocrx_word' id='word_1_27' title='bbox 2063 691 2489 770; x_wconf 79' lang='lat' dir='ltr'>imperantem</span> <span class='ocrx_word' id='word_1_28' title='bbox 2530 709 2699 752; x_wconf 92' lang='lat' dir='ltr'>nunc</span> <span class='ocrx_word' id='word_1_29' title='bbox 2744 709 2845 751; x_wconf 90' lang='lat' dir='ltr'>re-</span> 
     </span>
     <span class='ocr_line' id='line_1_5' title="bbox 295 794 2504 888; baseline -0.003 -26"><span class='ocrx_word' id='word_1_30' title='bbox 295 799 668 882; x_wconf 82' lang='lat' dir='ltr'>linqvemus.</span> <span class='ocrx_word' id='word_1_31' title='bbox 754 798 901 867; x_wconf 85' lang='lat' dir='ltr'>Jam</span> <span class='ocrx_word' id='word_1_32' title='bbox 946 799 1113 864; x_wconf 85' lang='lat' dir='ltr'>enim</span> <span class='ocrx_word' id='word_1_33' title='bbox 1158 798 1284 862; x_wconf 90' lang='lat' dir='ltr'>alio</span> <span class='ocrx_word' id='word_1_34' title='bbox 1329 798 1657 888; x_wconf 89' lang='lat' dir='ltr'>paulisper</span> <span class='ocrx_word' id='word_1_35' title='bbox 1702 796 1899 886; x_wconf 75' lang='lat' dir='ltr'>stylus</span> <span class='ocrx_word' id='word_1_36' title='bbox 1936 798 1951 833; x_wconf 88' lang='lat'>¹</span> <span class='ocrx_word' id='word_1_37' title='bbox 1997 794 2340 861; x_wconf 79' lang='lat' dir='ltr'>vertendus</span> <span class='ocrx_word' id='word_1_38' title='bbox 2387 799 2504 860; x_wconf 91' lang='lat' dir='ltr'>est.</span> 
     </span>
    </p>
   </div>
   <div class='ocr_carea' id='block_1_3' title="bbox 1398 1155 1756 1212">
    <p class='ocr_par' dir='ltr' id='par_1_3' title="bbox 1398 1155 1756 1212">
     <span class='ocr_line' id='line_1_6' title="bbox 1398 1155 1756 1212; baseline -0.011 0"><span class='ocrx_word' id='word_1_39' title='bbox 1398 1155 1589 1212; x_wconf 77' lang='lat' dir='ltr'>OAP.</span> <span class='ocrx_word' id='word_1_40' title='bbox 1633 1155 1756 1209; x_wconf 88' lang='lat' dir='ltr'>XI.</span> 
     </span>
    </p>
   </div>
   <div class='ocr_carea' id='block_1_4' title="bbox 300 1305 2843 1396">
    <p class='ocr_par' dir='ltr' id='par_1_4' title="bbox 300 1305 2843 1396">
     <span class='ocr_line' id='line_1_7' title="bbox 300 1305 2843 1396; baseline -0.006 -17"><span class='ocrx_word' id='word_1_41' title='bbox 300 1316 476 1379; x_wconf 76' lang='lat' dir='ltr'>Acho</span> <span class='ocrx_word' id='word_1_42' title='bbox 537 1316 783 1396; x_wconf 80' lang='lat' dir='ltr'>qvidam</span> <span class='ocrx_word' id='word_1_43' title='bbox 832 1316 1058 1396; x_wconf 79' lang='lat' dir='ltr'>fratris</span> <span class='ocrx_word' id='word_1_44' title='bbox 1113 1318 1217 1379; x_wconf 78' lang='lat' dir='ltr'>sui</span> <span class='ocrx_word' id='word_1_45' title='bbox 1271 1314 1805 1378; x_wconf 74' lang='lat' dir='ltr'>criminationibus</span> <span class='ocrx_word' id='word_1_46' title='bbox 1851 1313 1926 1376; x_wconf 80' lang='lat' dir='ltr'>ab</span> <span class='ocrx_word' id='word_1_47' title='bbox 1973 1309 2262 1375; x_wconf 82' lang='lat' dir='ltr'>Haraldo</span> <span class='ocrx_word' id='word_1_48' title='bbox 2308 1308 2481 1390; x_wconf 73' lang='lat' dir='ltr'>Reye</span> <span class='ocrx_word' id='word_1_49' title='bbox 2525 1305 2843 1370; x_wconf 77' lang='lat' dir='ltr'>occiditur.</span> 
     </span>
    </p>
   </div>
   <div class='ocr_carea' id='block_1_5' title="bbox 1506 1452 1643 1460">
    <p class='ocr_par' dir='ltr' id='par_1_5' title="bbox 1506 1452 1643 1460">
     <span class='ocr_line' id='line_1_8' title="bbox 1506 1452 1643 1460; baseline 0 0"><span class='ocrx_word' id='word_1_50' title='bbox 1506 1452 1643 1460; x_wconf 80' lang='lat'><em>——-—-</em></span> 
     </span>
    </p>
   </div>
   <div class='ocr_carea' id='block_1_6' title="bbox 296 1519 2852 4366">
    <p class='ocr_par' dir='ltr' id='par_1_6' title="bbox 296 1519 2852 4366">
     <span class='ocr_line' id='line_1_9' title="bbox 603 1519 2846 1606; baseline -0.004 -17"><span class='ocrx_word' id='word_1_51' title='bbox 603 1525 679 1590; x_wconf 91' lang='lat' dir='ltr'>In</span> <span class='ocrx_word' id='word_1_52' title='bbox 730 1527 941 1590; x_wconf 90' lang='lat' dir='ltr'>insula</span> <span class='ocrx_word' id='word_1_53' title='bbox 993 1527 1218 1591; x_wconf 84' lang='lat' dir='ltr'>Daniae</span> <span class='ocrx_word' id='word_1_54' title='bbox 1277 1526 1504 1590; x_wconf 86' lang='lat' dir='ltr'>Fionia</span> <span class='ocrx_word' id='word_1_55' title='bbox 1554 1526 1647 1587; x_wconf 87' lang='lat' dir='ltr'>vir</span> <span class='ocrx_word' id='word_1_56' title='bbox 1692 1523 1948 1606; x_wconf 84' lang='lat' dir='ltr'>qvidam</span> <span class='ocrx_word' id='word_1_57' title='bbox 1991 1521 2170 1586; x_wconf 89' lang='lat' dir='ltr'>Toko</span> <span class='ocrx_word' id='word_1_58' title='bbox 2215 1521 2491 1599; x_wconf 89' lang='lat' dir='ltr'>nomine,</span> <span class='ocrx_word' id='word_1_59' title='bbox 2539 1519 2642 1582; x_wconf 88' lang='lat' dir='ltr'>cui</span> <span class='ocrx_word' id='word_1_60' title='bbox 2683 1537 2846 1581; x_wconf 86' lang='lat' dir='ltr'>uxor</span> 
     </span>
     <span class='ocr_line' id='line_1_10' title="bbox 303 1625 2845 1714; baseline -0.004 -19"><span class='ocrx_word' id='word_1_61' title='bbox 303 1631 683 1695; x_wconf 75' lang='lat' dir='ltr'>Thorvora²</span> <span class='ocrx_word' id='word_1_62' title='bbox 724 1632 859 1712; x_wconf 80' lang='lat' dir='ltr'>fuit,</span> <span class='ocrx_word' id='word_1_63' title='bbox 906 1632 1200 1714; x_wconf 77' lang='lat' dir='ltr'>degebat.</span> <span class='ocrx_word' id='word_1_64' title='bbox 1309 1632 1431 1695; x_wconf 90' lang='lat' dir='ltr'>Hic</span> <span class='ocrx_word' id='word_1_65' title='bbox 1475 1637 1607 1695; x_wconf 88' lang='lat' dir='ltr'>tres</span> <span class='ocrx_word' id='word_1_66' title='bbox 1673 1631 1859 1709; x_wconf 81' lang='lat' dir='ltr'>filios,</span> <span class='ocrx_word' id='word_1_67' title='bbox 1904 1629 2234 1694; x_wconf 89' lang='lat' dir='ltr'>Achonem</span> <span class='ocrx_word' id='word_1_68' title='bbox 2286 1632 2444 1691; x_wconf 91' lang='lat' dir='ltr'>natu</span> <span class='ocrx_word' id='word_1_69' title='bbox 2485 1625 2845 1701; x_wconf 91' lang='lat' dir='ltr'>maximum,</span> 
     </span>
     <span class='ocr_line' id='line_1_11' title="bbox 301 1729 2848 1819; baseline -0.004 -17"><span class='ocrx_word' id='word_1_70' title='bbox 301 1737 661 1816; x_wconf 89' lang='lat' dir='ltr'>Polnerum,</span> <span class='ocrx_word' id='word_1_71' title='bbox 707 1743 771 1801; x_wconf 90' lang='lat' dir='ltr'>et</span> <span class='ocrx_word' id='word_1_72' title='bbox 813 1738 1177 1802; x_wconf 89' lang='lat' dir='ltr'>Fiolnerum</span> <span class='ocrx_word' id='word_1_73' title='bbox 1204 1739 1230 1776; x_wconf 77' lang='lat'><strong>³</strong></span> <span class='ocrx_word' id='word_1_74' title='bbox 1272 1737 1458 1801; x_wconf 91' lang='lat' dir='ltr'>thoro</span> <span class='ocrx_word' id='word_1_75' title='bbox 1502 1738 1829 1819; x_wconf 90' lang='lat' dir='ltr'>illegitimo</span> <span class='ocrx_word' id='word_1_76' title='bbox 1874 1741 2094 1799; x_wconf 89' lang='lat' dir='ltr'>natum</span> <span class='ocrx_word' id='word_1_77' title='bbox 2141 1738 2533 1816; x_wconf 82' lang='lat' dir='ltr'>susceperat.</span> <span class='ocrx_word' id='word_1_78' title='bbox 2623 1729 2848 1794; x_wconf 75' lang='lat' dir='ltr'>Senio4</span> 
     </span>
     <span class='ocr_line' id='line_1_12' title="bbox 303 1838 2847 1926; baseline -0.002 -20"><span class='ocrx_word' id='word_1_79' title='bbox 303 1848 523 1907; x_wconf 89' lang='lat' dir='ltr'>autem</span> <span class='ocrx_word' id='word_1_80' title='bbox 564 1843 911 1926; x_wconf 90' lang='lat' dir='ltr'>morboqve</span> <span class='ocrx_word' id='word_1_81' title='bbox 955 1843 1259 1926; x_wconf 87' lang='lat' dir='ltr'>fatigatus</span> <span class='ocrx_word' id='word_1_82' title='bbox 1303 1845 1447 1908; x_wconf 78' lang='lat' dir='ltr'>vitae</span> <span class='ocrx_word' id='word_1_83' title='bbox 1504 1845 1741 1907; x_wconf 90' lang='lat' dir='ltr'>exitum</span> <span class='ocrx_word' id='word_1_84' title='bbox 1782 1863 1916 1925; x_wconf 80' lang='lat' dir='ltr'>pree</span> <span class='ocrx_word' id='word_1_85' title='bbox 1960 1841 2203 1906; x_wconf 83' lang='lat' dir='ltr'>foribus</span> <span class='ocrx_word' id='word_1_86' title='bbox 2250 1861 2394 1904; x_wconf 89' lang='lat' dir='ltr'>esse</span> <span class='ocrx_word' id='word_1_87' title='bbox 2442 1859 2711 1904; x_wconf 90' lang='lat' dir='ltr'>cernens</span> <span class='ocrx_word' id='word_1_88' title='bbox 2755 1838 2847 1901; x_wconf 88' lang='lat' dir='ltr'>le-</span> 
     </span>
     <span class='ocr_line' id='line_1_13' title="bbox 303 1946 2845 2041; baseline -0 -29"><span class='ocrx_word' id='word_1_89' title='bbox 303 1950 557 2030; x_wconf 90' lang='lat' dir='ltr'>gitimos</span> <span class='ocrx_word' id='word_1_90' title='bbox 600 1948 765 2013; x_wconf 89' lang='lat' dir='ltr'>filios</span> <span class='ocrx_word' id='word_1_91' title='bbox 810 1949 1140 2013; x_wconf 91' lang='lat' dir='ltr'>Achonem</span> <span class='ocrx_word' id='word_1_92' title='bbox 1184 1955 1249 2013; x_wconf 87' lang='lat' dir='ltr'>et</span> <span class='ocrx_word' id='word_1_93' title='bbox 1290 1949 1629 2014; x_wconf 87' lang='lat' dir='ltr'>Polnerum</span> <span class='ocrx_word' id='word_1_94' title='bbox 1670 1949 1985 2041; x_wconf 84' lang='lat' dir='ltr'>bonorum</span> <span class='ocrx_word' id='word_1_95' title='bbox 2030 1949 2309 2012; x_wconf 90' lang='lat' dir='ltr'>omnium</span> <span class='ocrx_word' id='word_1_96' title='bbox 2350 1946 2643 2012; x_wconf 79' lang='lat' dir='ltr'>haeredes</span> <span class='ocrx_word' id='word_1_97' title='bbox 2693 1967 2845 2011; x_wconf 87' lang='lat' dir='ltr'>con-</span> 
     </span>
     <span class='ocr_line' id='line_1_14' title="bbox 304 2053 2844 2138; baseline -0.002 -18"><span class='ocrx_word' id='word_1_98' title='bbox 304 2057 525 2135; x_wconf 90' lang='lat' dir='ltr'>stituit,</span> <span class='ocrx_word' id='word_1_99' title='bbox 585 2055 827 2138; x_wconf 88' lang='lat' dir='ltr'>qvibus,</span> <span class='ocrx_word' id='word_1_100' title='bbox 884 2061 1069 2138; x_wconf 89' lang='lat' dir='ltr'>patre</span> <span class='ocrx_word' id='word_1_101' title='bbox 1128 2055 1449 2134; x_wconf 84' lang='lat' dir='ltr'>defuncto,</span> <span class='ocrx_word' id='word_1_102' title='bbox 1494 2060 1800 2137; x_wconf 88' lang='lat' dir='ltr'>paternas</span> <span class='ocrx_word' id='word_1_103' title='bbox 1848 2075 2003 2136; x_wconf 89' lang='lat' dir='ltr'>opes</span> <span class='ocrx_word' id='word_1_104' title='bbox 2049 2054 2135 2118; x_wconf 90' lang='lat' dir='ltr'>ad</span> <span class='ocrx_word' id='word_1_105' title='bbox 2178 2075 2247 2118; x_wconf 92' lang='lat' dir='ltr'>se</span> <span class='ocrx_word' id='word_1_106' title='bbox 2293 2053 2844 2132; x_wconf 78' lang='lat' dir='ltr'>transferentibUS,</span> 
     </span>
     <span class='ocr_line' id='line_1_15' title="bbox 299 2159 2846 2243; baseline 0 -19"><span class='ocrx_word' id='word_1_107' title='bbox 299 2160 814 2242; x_wconf 85' lang='lat' dir='ltr'>indignabundus</span> <span class='ocrx_word' id='word_1_108' title='bbox 869 2163 1165 2226; x_wconf 90' lang='lat' dir='ltr'>minimus</span> <span class='ocrx_word' id='word_1_109' title='bbox 1221 2166 1375 2224; x_wconf 91' lang='lat' dir='ltr'>natu</span> <span class='ocrx_word' id='word_1_110' title='bbox 1419 2160 1772 2239; x_wconf 81' lang='lat' dir='ltr'>FiolneruS,</span> <span class='ocrx_word' id='word_1_111' title='bbox 1835 2159 1981 2243; x_wconf 87' lang='lat' dir='ltr'>qvid</span> <span class='ocrx_word' id='word_1_112' title='bbox 2026 2159 2147 2223; x_wconf 91' lang='lat' dir='ltr'>sibi</span> <span class='ocrx_word' id='word_1_113' title='bbox 2188 2161 2632 2243; x_wconf 85' lang='lat' dir='ltr'>relinqverent,</span> <span class='ocrx_word' id='word_1_114' title='bbox 2680 2181 2846 2242; x_wconf 75' lang='lat' dir='ltr'>qvae-</span> 
     </span>
     <span class='ocr_line' id='line_1_16' title="bbox 299 2265 2846 2348; baseline -0.001 -17"><span class='ocrx_word' id='word_1_115' title='bbox 299 2267 504 2332; x_wconf 89' lang='lat' dir='ltr'>rebat.</span> <span class='ocrx_word' id='word_1_116' title='bbox 616 2266 744 2331; x_wconf 89' lang='lat' dir='ltr'>Sed</span> <span class='ocrx_word' id='word_1_117' title='bbox 809 2289 952 2331; x_wconf 91' lang='lat' dir='ltr'>cum</span> <span class='ocrx_word' id='word_1_118' title='bbox 1014 2268 1222 2331; x_wconf 90' lang='lat' dir='ltr'>minus</span> <span class='ocrx_word' id='word_1_119' title='bbox 1299 2272 1588 2348; x_wconf 90' lang='lat' dir='ltr'>optatum</span> <span class='ocrx_word' id='word_1_120' title='bbox 1649 2265 1847 2330; x_wconf 85' lang='lat' dir='ltr'>ferret</span> <span class='ocrx_word' id='word_1_121' title='bbox 1911 2286 2325 2348; x_wconf 88' lang='lat' dir='ltr'>responsum,</span> <span class='ocrx_word' id='word_1_122' title='bbox 2393 2288 2514 2330; x_wconf 90' lang='lat' dir='ltr'>nec</span> <span class='ocrx_word' id='word_1_123' title='bbox 2579 2272 2846 2345; x_wconf 91' lang='lat' dir='ltr'>tantum,</span> 
     </span>
     <span class='ocr_line' id='line_1_17' title="bbox 303 2371 2847 2456; baseline -0.001 -19"><span class='ocrx_word' id='word_1_124' title='bbox 303 2378 608 2456; x_wconf 88' lang='lat' dir='ltr'>qvantum</span> <span class='ocrx_word' id='word_1_125' title='bbox 649 2374 925 2453; x_wconf 85' lang='lat' dir='ltr'>volebat,</span> <span class='ocrx_word' id='word_1_126' title='bbox 969 2374 1314 2455; x_wconf 85' lang='lat' dir='ltr'>impetrare</span> <span class='ocrx_word' id='word_1_127' title='bbox 1356 2378 1598 2455; x_wconf 90' lang='lat' dir='ltr'>posset,</span> <span class='ocrx_word' id='word_1_128' title='bbox 1645 2372 1730 2436; x_wconf 89' lang='lat' dir='ltr'>ad</span> <span class='ocrx_word' id='word_1_129' title='bbox 1779 2373 2021 2454; x_wconf 86' lang='lat' dir='ltr'>Regem</span> <span class='ocrx_word' id='word_1_130' title='bbox 2058 2371 2414 2436; x_wconf 90' lang='lat' dir='ltr'>Haraldum</span> <span class='ocrx_word' id='word_1_131' title='bbox 2433 2372 2659 2436; x_wconf 86' lang='lat' dir='ltr'>Daniae</span> <span class='ocrx_word' id='word_1_132' title='bbox 2683 2392 2847 2453; x_wconf 77' lang='lat' dir='ltr'>prae-</span> 
     </span>
     <span class='ocr_line' id='line_1_18' title="bbox 304 2476 2848 2561; baseline -0.001 -19"><span class='ocrx_word' id='word_1_133' title='bbox 304 2478 641 2559; x_wconf 87' lang='lat' dir='ltr'>sidentem,</span> <span class='ocrx_word' id='word_1_134' title='bbox 707 2479 948 2544; x_wconf 90' lang='lat' dir='ltr'>relictis</span> <span class='ocrx_word' id='word_1_135' title='bbox 1013 2480 1299 2561; x_wconf 90' lang='lat' dir='ltr'>paternis</span> <span class='ocrx_word' id='word_1_136' title='bbox 1367 2478 1625 2556; x_wconf 79' lang='lat' dir='ltr'>laribuS,</span> <span class='ocrx_word' id='word_1_137' title='bbox 1691 2479 1998 2561; x_wconf 89' lang='lat' dir='ltr'>migravit,</span> <span class='ocrx_word' id='word_1_138' title='bbox 2046 2484 2111 2542; x_wconf 91' lang='lat' dir='ltr'>et</span> <span class='ocrx_word' id='word_1_139' title='bbox 2156 2480 2215 2542; x_wconf 91' lang='lat' dir='ltr'>ei</span> <span class='ocrx_word' id='word_1_140' title='bbox 2266 2499 2335 2543; x_wconf 90' lang='lat' dir='ltr'>se</span> <span class='ocrx_word' id='word_1_141' title='bbox 2378 2478 2687 2542; x_wconf 89' lang='lat' dir='ltr'>famulitio</span> <span class='ocrx_word' id='word_1_142' title='bbox 2735 2476 2848 2541; x_wconf 88' lang='lat' dir='ltr'>ad-</span> 
     </span>
     <span class='ocr_line' id='line_1_19' title="bbox 303 2583 2846 2667; baseline 0 -19"><span class='ocrx_word' id='word_1_143' title='bbox 303 2585 573 2664; x_wconf 78' lang='lat' dir='ltr'>strinxit,</span> <span class='ocrx_word' id='word_1_144' title='bbox 633 2587 739 2649; x_wconf 90' lang='lat' dir='ltr'>cui</span> <span class='ocrx_word' id='word_1_145' title='bbox 792 2606 911 2649; x_wconf 90' lang='lat' dir='ltr'>sua</span> <span class='ocrx_word' id='word_1_146' title='bbox 952 2583 1130 2649; x_wconf 88' lang='lat' dir='ltr'>facta</span> <span class='ocrx_word' id='word_1_147' title='bbox 1173 2589 1239 2648; x_wconf 90' lang='lat' dir='ltr'>et</span> <span class='ocrx_word' id='word_1_148' title='bbox 1286 2585 1481 2648; x_wconf 86' lang='lat' dir='ltr'>vitam</span> <span class='ocrx_word' id='word_1_149' title='bbox 1526 2585 1690 2649; x_wconf 91' lang='lat' dir='ltr'>adeo</span> <span class='ocrx_word' id='word_1_150' title='bbox 1735 2583 2046 2667; x_wconf 89' lang='lat' dir='ltr'>probavit,</span> <span class='ocrx_word' id='word_1_151' title='bbox 2091 2591 2162 2649; x_wconf 90' lang='lat' dir='ltr'>ut</span> <span class='ocrx_word' id='word_1_152' title='bbox 2204 2606 2318 2649; x_wconf 91' lang='lat' dir='ltr'>rex</span> <span class='ocrx_word' id='word_1_153' title='bbox 2362 2606 2506 2650; x_wconf 89' lang='lat' dir='ltr'>eum</span> <span class='ocrx_word' id='word_1_154' title='bbox 2552 2584 2846 2648; x_wconf 91' lang='lat' dir='ltr'>consilia-</span> 
     </span>
     <span class='ocr_line' id='line_1_20' title="bbox 300 2690 2846 2773; baseline -0.001 -18"><span class='ocrx_word' id='word_1_155' title='bbox 300 2691 465 2755; x_wconf 86' lang='lat' dir='ltr'>rium</span> <span class='ocrx_word' id='word_1_156' title='bbox 511 2690 632 2754; x_wconf 93' lang='lat' dir='ltr'>sibi</span> <span class='ocrx_word' id='word_1_157' title='bbox 676 2691 1002 2773; x_wconf 88' lang='lat' dir='ltr'>deligeret.</span> <span class='ocrx_word' id='word_1_158' title='bbox 1090 2690 1249 2754; x_wconf 87' lang='lat' dir='ltr'>Erat</span> <span class='ocrx_word' id='word_1_159' title='bbox 1294 2695 1510 2754; x_wconf 91' lang='lat' dir='ltr'>autem</span> <span class='ocrx_word' id='word_1_160' title='bbox 1553 2692 1646 2754; x_wconf 90' lang='lat' dir='ltr'>vir</span> <span class='ocrx_word' id='word_1_161' title='bbox 1687 2690 2030 2754; x_wconf 82' lang='lat' dir='ltr'>mediocris</span> <span class='ocrx_word' id='word_1_162' title='bbox 2078 2692 2428 2773; x_wconf 75' lang='lat' dir='ltr'>sapientiae,</span> <span class='ocrx_word' id='word_1_163' title='bbox 2476 2697 2541 2756; x_wconf 89' lang='lat' dir='ltr'>et</span> <span class='ocrx_word' id='word_1_164' title='bbox 2582 2692 2649 2754; x_wconf 92' lang='lat' dir='ltr'>in</span> <span class='ocrx_word' id='word_1_165' title='bbox 2694 2710 2846 2754; x_wconf 92' lang='lat' dir='ltr'>con-</span> 
     </span>
     <span class='ocr_line' id='line_1_21' title="bbox 301 2795 2847 2879; baseline -0.001 -19"><span class='ocrx_word' id='word_1_166' title='bbox 301 2797 459 2860; x_wconf 91' lang='lat' dir='ltr'>siliis</span> <span class='ocrx_word' id='word_1_167' title='bbox 506 2797 1049 2861; x_wconf 81' lang='lat' dir='ltr'>communicandis</span> <span class='ocrx_word' id='word_1_168' title='bbox 1094 2795 1395 2879; x_wconf 81' lang='lat' dir='ltr'>prudens,</span> <span class='ocrx_word' id='word_1_169' title='bbox 1442 2795 1558 2859; x_wconf 89' lang='lat' dir='ltr'>sed</span> <span class='ocrx_word' id='word_1_170' title='bbox 1603 2795 1951 2860; x_wconf 88' lang='lat' dir='ltr'>admodum</span> <span class='ocrx_word' id='word_1_171' title='bbox 1993 2797 2330 2879; x_wconf 88' lang='lat' dir='ltr'>malignus.</span> <span class='ocrx_word' id='word_1_172' title='bbox 2415 2797 2581 2861; x_wconf 90' lang='lat' dir='ltr'>Nam</span> <span class='ocrx_word' id='word_1_173' title='bbox 2615 2795 2847 2859; x_wconf 78' lang='lat' dir='ltr'>fratres</span> 
     </span>
     <span class='ocr_line' id='line_1_22' title="bbox 301 2900 2852 2984; baseline 0 -19"><span class='ocrx_word' id='word_1_174' title='bbox 301 2923 473 2979; x_wconf 74' lang='lat' dir='ltr'>suoS,</span> <span class='ocrx_word' id='word_1_175' title='bbox 542 2908 607 2967; x_wconf 88' lang='lat' dir='ltr'>et</span> <span class='ocrx_word' id='word_1_176' title='bbox 640 2903 740 2966; x_wconf 87' lang='lat' dir='ltr'>vel</span> <span class='ocrx_word' id='word_1_177' title='bbox 782 2903 1056 2967; x_wconf 85' lang='lat' dir='ltr'>maxime</span> <span class='ocrx_word' id='word_1_178' title='bbox 1098 2900 1429 2965; x_wconf 88' lang='lat' dir='ltr'>Achonem</span> <span class='ocrx_word' id='word_1_179' title='bbox 1483 2901 1656 2983; x_wconf 93' lang='lat' dir='ltr'>apud</span> <span class='ocrx_word' id='word_1_180' title='bbox 1698 2923 1917 2984; x_wconf 89' lang='lat' dir='ltr'>regem</span> <span class='ocrx_word' id='word_1_181' title='bbox 1963 2902 2210 2967; x_wconf 86' lang='lat' dir='ltr'>deferre</span> <span class='ocrx_word' id='word_1_182' title='bbox 2255 2909 2320 2967; x_wconf 90' lang='lat' dir='ltr'>et</span> <span class='ocrx_word' id='word_1_183' title='bbox 2361 2903 2540 2966; x_wconf 86' lang='lat' dir='ltr'>novis</span> <span class='ocrx_word' id='word_1_184' title='bbox 2596 2921 2852 2984; x_wconf 87' lang='lat' dir='ltr'>semper</span> 
     </span>
     <span class='ocr_line' id='line_1_23' title="bbox 302 3007 2850 3092; baseline -0 -20"><span class='ocrx_word' id='word_1_185' title='bbox 302 3008 670 3073; x_wconf 83' lang='lat' dir='ltr'>criminibus</span> <span class='ocrx_word' id='word_1_186' title='bbox 723 3009 960 3073; x_wconf 87' lang='lat' dir='ltr'>laedere</span> <span class='ocrx_word' id='word_1_187' title='bbox 1017 3008 1364 3090; x_wconf 82' lang='lat' dir='ltr'>(dictitanS,</span> <span class='ocrx_word' id='word_1_188' title='bbox 1420 3007 1684 3071; x_wconf 89' lang='lat' dir='ltr'>Achone</span> <span class='ocrx_word' id='word_1_189' title='bbox 1744 3010 1899 3088; x_wconf 87' lang='lat' dir='ltr'>vivo,</span> <span class='ocrx_word' id='word_1_190' title='bbox 1957 3030 2175 3092; x_wconf 91' lang='lat' dir='ltr'>regem</span> <span class='ocrx_word' id='word_1_191' title='bbox 2221 3009 2302 3073; x_wconf 92' lang='lat' dir='ltr'>ab</span> <span class='ocrx_word' id='word_1_192' title='bbox 2356 3009 2600 3073; x_wconf 87' lang='lat' dir='ltr'>insidiis</span> <span class='ocrx_word' id='word_1_193' title='bbox 2645 3014 2850 3072; x_wconf 91' lang='lat' dir='ltr'>tutum</span> 
     </span>
     <span class='ocr_line' id='line_1_24' title="bbox 301 3113 2849 3197; baseline -0.001 -17"><span class='ocrx_word' id='word_1_194' title='bbox 301 3136 432 3180; x_wconf 94' lang='lat' dir='ltr'>non</span> <span class='ocrx_word' id='word_1_195' title='bbox 487 3115 656 3197; x_wconf 89' lang='lat' dir='ltr'>fore)</span> <span class='ocrx_word' id='word_1_196' title='bbox 702 3137 1021 3197; x_wconf 87' lang='lat' dir='ltr'>nunqvam</span> <span class='ocrx_word' id='word_1_197' title='bbox 1064 3115 1419 3178; x_wconf 87' lang='lat' dir='ltr'>intermisit.</span> <span class='ocrx_word' id='word_1_198' title='bbox 1507 3113 1839 3196; x_wconf 86' lang='lat' dir='ltr'>Variisqve</span> <span class='ocrx_word' id='word_1_199' title='bbox 1896 3115 2441 3180; x_wconf 87' lang='lat' dir='ltr'>criminationibus</span> <span class='ocrx_word' id='word_1_200' title='bbox 2498 3122 2566 3180; x_wconf 90' lang='lat' dir='ltr'>et</span> <span class='ocrx_word' id='word_1_201' title='bbox 2612 3116 2849 3179; x_wconf 91' lang='lat' dir='ltr'>calum-</span> 
     </span>
     <span class='ocr_line' id='line_1_25' title="bbox 300 3220 2846 3303; baseline -0.001 -17"><span class='ocrx_word' id='word_1_202' title='bbox 300 3224 422 3286; x_wconf 90' lang='lat' dir='ltr'>niis</span> <span class='ocrx_word' id='word_1_203' title='bbox 491 3222 723 3301; x_wconf 86' lang='lat' dir='ltr'>effecit,</span> <span class='ocrx_word' id='word_1_204' title='bbox 788 3229 860 3286; x_wconf 93' lang='lat' dir='ltr'>ut</span> <span class='ocrx_word' id='word_1_205' title='bbox 921 3222 1103 3285; x_wconf 91' lang='lat' dir='ltr'>Acho</span> <span class='ocrx_word' id='word_1_206' title='bbox 1167 3222 1235 3285; x_wconf 92' lang='lat' dir='ltr'>in</span> <span class='ocrx_word' id='word_1_207' title='bbox 1299 3220 1513 3284; x_wconf 90' lang='lat' dir='ltr'>odium</span> <span class='ocrx_word' id='word_1_208' title='bbox 1570 3226 1634 3285; x_wconf 88' lang='lat' dir='ltr'>et</span> <span class='ocrx_word' id='word_1_209' title='bbox 1689 3220 2191 3303; x_wconf 86' lang='lat' dir='ltr'>indignationem</span> <span class='ocrx_word' id='word_1_210' title='bbox 2250 3223 2417 3302; x_wconf 92' lang='lat' dir='ltr'>regis</span> <span class='ocrx_word' id='word_1_211' title='bbox 2474 3223 2846 3285; x_wconf 88' lang='lat' dir='ltr'>incurreret.</span> 
     </span>
     <span class='ocr_line' id='line_1_26' title="bbox 301 3325 2851 3409; baseline 0 -20"><span class='ocrx_word' id='word_1_212' title='bbox 301 3326 483 3391; x_wconf 87' lang='lat' dir='ltr'>Acho</span> <span class='ocrx_word' id='word_1_213' title='bbox 543 3333 759 3392; x_wconf 88' lang='lat' dir='ltr'>autem</span> <span class='ocrx_word' id='word_1_214' title='bbox 815 3327 882 3391; x_wconf 92' lang='lat' dir='ltr'>id</span> <span class='ocrx_word' id='word_1_215' title='bbox 934 3328 1240 3409; x_wconf 91' lang='lat' dir='ltr'>temporis</span> <span class='ocrx_word' id='word_1_216' title='bbox 1289 3332 1436 3389; x_wconf 90' lang='lat' dir='ltr'>ante</span> <span class='ocrx_word' id='word_1_217' title='bbox 1484 3347 1726 3406; x_wconf 81' lang='lat' dir='ltr'>omneS,</span> <span class='ocrx_word' id='word_1_218' title='bbox 1774 3329 1878 3409; x_wconf 87' lang='lat' dir='ltr'>qvi</span> <span class='ocrx_word' id='word_1_219' title='bbox 1921 3348 2050 3391; x_wconf 95' lang='lat' dir='ltr'>non</span> <span class='ocrx_word' id='word_1_220' title='bbox 2096 3325 2441 3391; x_wconf 83' lang='lat' dir='ltr'>admodum</span> <span class='ocrx_word' id='word_1_221' title='bbox 2497 3327 2687 3390; x_wconf 90' lang='lat' dir='ltr'>claris</span> <span class='ocrx_word' id='word_1_222' title='bbox 2735 3347 2851 3390; x_wconf 87' lang='lat' dir='ltr'>na-</span> 
     </span>
     <span class='ocr_line' id='line_1_27' title="bbox 300 3431 2844 3515; baseline -0.001 -17"><span class='ocrx_word' id='word_1_223' title='bbox 300 3434 534 3499; x_wconf 91' lang='lat' dir='ltr'>talibus</span> <span class='ocrx_word' id='word_1_224' title='bbox 593 3435 712 3497; x_wconf 89' lang='lat' dir='ltr'>orti</span> <span class='ocrx_word' id='word_1_225' title='bbox 769 3440 966 3511; x_wconf 89' lang='lat' dir='ltr'>erant,</span> <span class='ocrx_word' id='word_1_226' title='bbox 1027 3432 1216 3496; x_wconf 88' lang='lat' dir='ltr'>facile</span> <span class='ocrx_word' id='word_1_227' title='bbox 1269 3433 1512 3515; x_wconf 88' lang='lat' dir='ltr'>primas</span> <span class='ocrx_word' id='word_1_228' title='bbox 1556 3434 1777 3496; x_wconf 85' lang='lat' dir='ltr'>tenuit.</span> <span class='ocrx_word' id='word_1_229' title='bbox 1864 3432 2118 3497; x_wconf 87' lang='lat' dir='ltr'>Etenim</span> <span class='ocrx_word' id='word_1_230' title='bbox 2160 3433 2502 3514; x_wconf 87' lang='lat' dir='ltr'>piraticam</span> <span class='ocrx_word' id='word_1_231' title='bbox 2544 3431 2844 3496; x_wconf 87' lang='lat' dir='ltr'>faciendo</span> 
     </span>
     <span class='ocr_line' id='line_1_28' title="bbox 298 3538 2850 3605; baseline -0.001 -1"><span class='ocrx_word' id='word_1_232' title='bbox 298 3539 550 3605; x_wconf 74' lang='lat' dir='ltr'>bellicae</span> <span class='ocrx_word' id='word_1_233' title='bbox 611 3541 858 3603; x_wconf 85' lang='lat' dir='ltr'>virtutis</span> <span class='ocrx_word' id='word_1_234' title='bbox 918 3539 1305 3604; x_wconf 89' lang='lat' dir='ltr'>documenta</span> <span class='ocrx_word' id='word_1_235' title='bbox 1360 3539 1548 3601; x_wconf 88' lang='lat' dir='ltr'>variis</span> <span class='ocrx_word' id='word_1_236' title='bbox 1604 3540 1669 3602; x_wconf 96' lang='lat' dir='ltr'>in</span> <span class='ocrx_word' id='word_1_237' title='bbox 1712 3539 1874 3601; x_wconf 90' lang='lat' dir='ltr'>locis</span> <span class='ocrx_word' id='word_1_238' title='bbox 1922 3538 2137 3602; x_wconf 88' lang='lat' dir='ltr'>edidit.</span> <span class='ocrx_word' id='word_1_239' title='bbox 2228 3538 2387 3603; x_wconf 88' lang='lat' dir='ltr'>Cum</span> <span class='ocrx_word' id='word_1_240' title='bbox 2432 3545 2648 3603; x_wconf 87' lang='lat' dir='ltr'>autem</span> <span class='ocrx_word' id='word_1_241' title='bbox 2689 3545 2850 3603; x_wconf 89' lang='lat' dir='ltr'>tem-</span> 
     </span>
     <span class='ocr_line' id='line_1_29' title="bbox 299 3644 2847 3729; baseline -0 -19"><span class='ocrx_word' id='word_1_242' title='bbox 299 3667 457 3729; x_wconf 87' lang='lat' dir='ltr'>pore</span> <span class='ocrx_word' id='word_1_243' title='bbox 518 3645 790 3729; x_wconf 87' lang='lat' dir='ltr'>qvodam</span> <span class='ocrx_word' id='word_1_244' title='bbox 844 3647 908 3708; x_wconf 92' lang='lat' dir='ltr'>in</span> <span class='ocrx_word' id='word_1_245' title='bbox 960 3644 1247 3726; x_wconf 83' lang='lat' dir='ltr'>hyberna</span> <span class='ocrx_word' id='word_1_246' title='bbox 1291 3665 1487 3707; x_wconf 88' lang='lat' dir='ltr'>naves</span> <span class='ocrx_word' id='word_1_247' title='bbox 1542 3644 1920 3709; x_wconf 90' lang='lat' dir='ltr'>redacturus</span> <span class='ocrx_word' id='word_1_248' title='bbox 1965 3646 2031 3708; x_wconf 91' lang='lat' dir='ltr'>in</span> <span class='ocrx_word' id='word_1_249' title='bbox 2072 3652 2328 3728; x_wconf 89' lang='lat' dir='ltr'>portum</span> <span class='ocrx_word' id='word_1_250' title='bbox 2374 3644 2691 3728; x_wconf 88' lang='lat' dir='ltr'>qvendam</span> <span class='ocrx_word' id='word_1_251' title='bbox 2735 3644 2847 3709; x_wconf 89' lang='lat' dir='ltr'>Se-</span> 
     </span>
     <span class='ocr_line' id='line_1_30' title="bbox 299 3749 2850 3835; baseline -0 -19"><span class='ocrx_word' id='word_1_252' title='bbox 299 3751 531 3816; x_wconf 85' lang='lat' dir='ltr'>landiae</span> <span class='ocrx_word' id='word_1_253' title='bbox 580 3772 833 3815; x_wconf 90' lang='lat' dir='ltr'>cursum</span> <span class='ocrx_word' id='word_1_254' title='bbox 882 3751 1234 3828; x_wconf 78' lang='lat' dir='ltr'>direxisset,</span> <span class='ocrx_word' id='word_1_255' title='bbox 1285 3771 1322 3813; x_wconf 93' lang='lat' dir='ltr'>a</span> <span class='ocrx_word' id='word_1_256' title='bbox 1364 3749 1556 3832; x_wconf 86' lang='lat' dir='ltr'>Regis</span> <span class='ocrx_word' id='word_1_257' title='bbox 1601 3750 1871 3816; x_wconf 91' lang='lat' dir='ltr'>Haraldi</span> <span class='ocrx_word' id='word_1_258' title='bbox 1917 3752 2284 3831; x_wconf 85' lang='lat' dir='ltr'>classiariis,</span> <span class='ocrx_word' id='word_1_259' title='bbox 2332 3754 2434 3834; x_wconf 87' lang='lat' dir='ltr'>qvi</span> <span class='ocrx_word' id='word_1_260' title='bbox 2469 3773 2565 3831; x_wconf 88' lang='lat' dir='ltr'>ec,</span> <span class='ocrx_word' id='word_1_261' title='bbox 2586 3751 2850 3835; x_wconf 90' lang='lat' dir='ltr'>jubente</span> 
     </span>
     <span class='ocr_line' id='line_1_31' title="bbox 298 3854 2848 3942; baseline -0.001 -20"><span class='ocrx_word' id='word_1_262' title='bbox 298 3879 469 3942; x_wconf 88' lang='lat' dir='ltr'>rege,</span> <span class='ocrx_word' id='word_1_263' title='bbox 538 3859 731 3921; x_wconf 77' lang='lat' dir='ltr'>cum⁶</span> <span class='ocrx_word' id='word_1_264' title='bbox 790 3857 1015 3922; x_wconf 90' lang='lat' dir='ltr'>decem</span> <span class='ocrx_word' id='word_1_265' title='bbox 1082 3854 1348 3920; x_wconf 85' lang='lat' dir='ltr'>navibus</span> <span class='ocrx_word' id='word_1_266' title='bbox 1404 3864 1729 3938; x_wconf 82' lang='lat' dir='ltr'>venerant,</span> <span class='ocrx_word' id='word_1_267' title='bbox 1784 3860 1941 3924; x_wconf 92' lang='lat' dir='ltr'>nihil</span> <span class='ocrx_word' id='word_1_268' title='bbox 1993 3859 2145 3924; x_wconf 88' lang='lat' dir='ltr'>mali</span> <span class='ocrx_word' id='word_1_269' title='bbox 2186 3865 2479 3924; x_wconf 89' lang='lat' dir='ltr'>metuens</span> <span class='ocrx_word' id='word_1_270' title='bbox 2527 3879 2673 3922; x_wconf 92' lang='lat' dir='ltr'>cum</span> <span class='ocrx_word' id='word_1_271' title='bbox 2718 3858 2848 3921; x_wconf 90' lang='lat' dir='ltr'>suis</span> 
     </span>
     <span class='ocr_line' id='line_1_32' title="bbox 302 3961 2852 4048; baseline -0.001 -19"><span class='ocrx_word' id='word_1_272' title='bbox 302 3963 595 4029; x_wconf 91' lang='lat' dir='ltr'>omnibus</span> <span class='ocrx_word' id='word_1_273' title='bbox 656 3963 999 4029; x_wconf 88' lang='lat' dir='ltr'>crudeliter</span> <span class='ocrx_word' id='word_1_274' title='bbox 1054 3961 1514 4027; x_wconf 88' lang='lat' dir='ltr'>trucidabatur.</span> <span class='ocrx_word' id='word_1_275' title='bbox 1605 3962 1842 4042; x_wconf 81' lang='lat' dir='ltr'>Qvibus</span> <span class='ocrx_word' id='word_1_276' title='bbox 1901 3966 2150 4028; x_wconf 91' lang='lat' dir='ltr'>nunciis</span> <span class='ocrx_word' id='word_1_277' title='bbox 2198 3963 2282 4028; x_wconf 90' lang='lat' dir='ltr'>ad</span> <span class='ocrx_word' id='word_1_278' title='bbox 2326 3965 2666 4030; x_wconf 90' lang='lat' dir='ltr'>Polnerum</span> <span class='ocrx_word' id='word_1_279' title='bbox 2707 3985 2852 4048; x_wconf 89' lang='lat' dir='ltr'>per-</span> 
     </span>
     <span class='ocr_line' id='line_1_33' title="bbox 298 4066 2851 4153; baseline -0.001 -17"><span class='ocrx_word' id='word_1_280' title='bbox 298 4071 464 4151; x_wconf 89' lang='lat' dir='ltr'>latis,</span> <span class='ocrx_word' id='word_1_281' title='bbox 510 4076 760 4136; x_wconf 88' lang='lat' dir='ltr'>tantum</span> <span class='ocrx_word' id='word_1_282' title='bbox 804 4092 883 4135; x_wconf 91' lang='lat' dir='ltr'>ex</span> <span class='ocrx_word' id='word_1_283' title='bbox 923 4069 1137 4134; x_wconf 76' lang='lat' dir='ltr'>fratris</span> <span class='ocrx_word' id='word_1_284' title='bbox 1192 4066 1369 4132; x_wconf 87' lang='lat' dir='ltr'>caede</span> <span class='ocrx_word' id='word_1_285' title='bbox 1413 4071 1704 4134; x_wconf 77' lang='lat' dir='ltr'>maeroris</span> <span class='ocrx_word' id='word_1_286' title='bbox 1754 4072 2069 4152; x_wconf 88' lang='lat' dir='ltr'>concepit,</span> <span class='ocrx_word' id='word_1_287' title='bbox 2121 4075 2192 4134; x_wconf 90' lang='lat' dir='ltr'>ut</span> <span class='ocrx_word' id='word_1_288' title='bbox 2237 4068 2315 4137; x_wconf 89' lang='lat' dir='ltr'>de</span> <span class='ocrx_word' id='word_1_289' title='bbox 2361 4071 2530 4135; x_wconf 89' lang='lat' dir='ltr'>lecto</span> <span class='ocrx_word' id='word_1_290' title='bbox 2592 4090 2851 4153; x_wconf 89' lang='lat' dir='ltr'>surgere</span> 
     </span>
     <span class='ocr_line' id='line_1_34' title="bbox 298 4172 2844 4261; baseline 0 -20"><span class='ocrx_word' id='word_1_291' title='bbox 298 4178 399 4242; x_wconf 88' lang='lat' dir='ltr'>vix</span> <span class='ocrx_word' id='word_1_292' title='bbox 440 4183 682 4261; x_wconf 87' lang='lat' dir='ltr'>posset.</span> <span class='ocrx_word' id='word_1_293' title='bbox 769 4176 956 4241; x_wconf 92' lang='lat' dir='ltr'>Hunc</span> <span class='ocrx_word' id='word_1_294' title='bbox 1000 4172 1294 4240; x_wconf 92' lang='lat' dir='ltr'>morbum</span> <span class='ocrx_word' id='word_1_295' title='bbox 1344 4174 1623 4256; x_wconf 87' lang='lat' dir='ltr'>augebat</span> <span class='ocrx_word' id='word_1_296' title='bbox 1667 4182 1733 4240; x_wconf 88' lang='lat' dir='ltr'>et</span> <span class='ocrx_word' id='word_1_297' title='bbox 1773 4175 1945 4254; x_wconf 91' lang='lat' dir='ltr'>illud,</span> <span class='ocrx_word' id='word_1_298' title='bbox 2005 4175 2187 4259; x_wconf 87' lang='lat' dir='ltr'>qvod,</span> <span class='ocrx_word' id='word_1_299' title='bbox 2236 4178 2381 4259; x_wconf 86' lang='lat' dir='ltr'>qvia</span> <span class='ocrx_word' id='word_1_300' title='bbox 2425 4196 2571 4239; x_wconf 91' lang='lat' dir='ltr'>cum</span> <span class='ocrx_word' id='word_1_301' title='bbox 2612 4182 2844 4260; x_wconf 90' lang='lat' dir='ltr'>poten-</span> 
     </span>
     <span class='ocr_line' id='line_1_35' title="bbox 296 4281 2842 4366; baseline -0.002 -16"><span class='ocrx_word' id='word_1_302' title='bbox 296 4284 564 4350; x_wconf 90' lang='lat' dir='ltr'>tioribus</span> <span class='ocrx_word' id='word_1_303' title='bbox 609 4303 713 4349; x_wconf 90' lang='lat' dir='ltr'>res</span> <span class='ocrx_word' id='word_1_304' title='bbox 761 4288 916 4363; x_wconf 89' lang='lat' dir='ltr'>erat,</span> <span class='ocrx_word' id='word_1_305' title='bbox 960 4281 1314 4347; x_wconf 88' lang='lat' dir='ltr'>ulciscendi</span> <span class='ocrx_word' id='word_1_306' title='bbox 1358 4302 1541 4364; x_wconf 90' lang='lat' dir='ltr'>spem</span> <span class='ocrx_word' id='word_1_307' title='bbox 1581 4282 1647 4345; x_wconf 91' lang='lat' dir='ltr'>in</span> <span class='ocrx_word' id='word_1_308' title='bbox 1685 4283 2085 4362; x_wconf 57' lang='lat' dir='ltr'>⁶universum6</span> <span class='ocrx_word' id='word_1_309' title='bbox 2130 4283 2250 4347; x_wconf 89' lang='lat' dir='ltr'>sibi</span> <span class='ocrx_word' id='word_1_310' title='bbox 2274 4282 2645 4366; x_wconf 89' lang='lat' dir='ltr'>ademptam</span> <span class='ocrx_word' id='word_1_311' title='bbox 2666 4282 2842 4349; x_wconf 84' lang='lat' dir='ltr'>vidit.</span> 
     </span>
    </p>
   </div>
   <div class='ocr_carea' id='block_1_7' title="bbox 301 4410 671 4417">
    <p class='ocr_par' dir='ltr' id='par_1_7' title="bbox 301 4410 671 4417">
     <span class='ocr_line' id='line_1_36' title="bbox 301 4410 671 4417; baseline 0 817"><span class='ocrx_word' id='word_1_312' title='bbox 301 4410 671 4417; x_wconf 95' lang='lat' dir='ltr'> </span> 
     </span>
    </p>
   </div>
   <div class='ocr_carea' id='block_1_8' title="bbox 366 4455 2371 4709">
    <p class='ocr_par' dir='ltr' id='par_1_8' title="bbox 366 4455 2371 4709">
     <span class='ocr_line' id='line_1_37' title="bbox 371 4455 1839 4525; baseline -0.001 -15"><span class='ocrx_word' id='word_1_313' title='bbox 371 4459 389 4491; x_wconf 91' lang='lat'>¹</span> <span class='ocrx_word' id='word_1_314' title='bbox 429 4459 585 4511; x_wconf 74' lang='lat'>1778:</span> <span class='ocrx_word' id='word_1_315' title='bbox 623 4456 803 4525; x_wconf 83' lang='lat' dir='ltr'>stylus</span> <span class='ocrx_word' id='word_1_316' title='bbox 828 4456 1128 4525; x_wconf 83' lang='lat' dir='ltr'>paulisper.</span> <span class='ocrx_word' id='word_1_317' title='bbox 1270 4459 1296 4490; x_wconf 74' lang='lat'><strong>⁹</strong></span> <span class='ocrx_word' id='word_1_318' title='bbox 1335 4458 1493 4510; x_wconf 73' lang='lat'>1778:</span> <span class='ocrx_word' id='word_1_319' title='bbox 1541 4455 1839 4510; x_wconf 83' lang='lat' dir='ltr'>Thorvara.</span> 
     </span>
     <span class='ocr_line' id='line_1_38' title="bbox 370 4544 2169 4616; baseline -0.001 -16"><span class='ocrx_word' id='word_1_320' title='bbox 370 4551 392 4582; x_wconf 81' lang='lat'><strong>⁸</strong></span> <span class='ocrx_word' id='word_1_321' title='bbox 430 4550 586 4602; x_wconf 75' lang='lat'>1778:</span> <span class='ocrx_word' id='word_1_322' title='bbox 624 4546 932 4603; x_wconf 86' lang='lat' dir='ltr'>Fiolneum.</span> <span class='ocrx_word' id='word_1_323' title='bbox 1008 4547 1094 4616; x_wconf 86' lang='lat'>(59</span> <span class='ocrx_word' id='word_1_324' title='bbox 1132 4546 1271 4601; x_wconf 79' lang='lat' dir='ltr'>oste:</span> <span class='ocrx_word' id='word_1_325' title='bbox 1310 4546 1684 4614; x_wconf 64' lang='lat' dir='ltr'>„Fjalnerus“,</span> <span class='ocrx_word' id='word_1_326' title='bbox 1720 4544 1999 4615; x_wconf 64' lang='lat' dir='ltr'>‚,Bicrno“</span> <span class='ocrx_word' id='word_1_327' title='bbox 2039 4547 2169 4614; x_wconf 87' lang='lat' dir='ltr'>etc.)</span> 
     </span>
     <span class='ocr_line' id='line_1_39' title="bbox 366 4638 2371 4709; baseline 0 -18"><span class='ocrx_word' id='word_1_328' title='bbox 366 4640 391 4671; x_wconf 78' lang='lat'><strong>⁴</strong></span> <span class='ocrx_word' id='word_1_329' title='bbox 430 4641 584 4693; x_wconf 75' lang='lat'>1778:</span> <span class='ocrx_word' id='word_1_330' title='bbox 621 4640 954 4709; x_wconf 81' lang='lat' dir='ltr'>susceperat,</span> <span class='ocrx_word' id='word_1_331' title='bbox 991 4638 1162 4691; x_wconf 83' lang='lat' dir='ltr'>senio.</span> <span class='ocrx_word' id='word_1_332' title='bbox 1310 4642 1331 4672; x_wconf 81' lang='lat'>⁵</span> <span class='ocrx_word' id='word_1_333' title='bbox 1367 4640 1457 4692; x_wconf 87' lang='lat'>59:</span> <span class='ocrx_word' id='word_1_334' title='bbox 1489 4638 1620 4707; x_wconf 85' lang='lat' dir='ltr'>mgl.</span> <span class='ocrx_word' id='word_1_335' title='bbox 1766 4642 1789 4672; x_wconf 64' lang='grc' dir='ltr'><strong><em>ὃ</em></strong></span> <span class='ocrx_word' id='word_1_336' title='bbox 1828 4641 1985 4693; x_wconf 76' lang='lat'>1778:</span> <span class='ocrx_word' id='word_1_337' title='bbox 2021 4638 2371 4692; x_wconf 86' lang='lat' dir='ltr'>universam.</span> 
     </span>
    </p>
   </div>
  </div>
 </body>
</html>
