3350 5234
1748 365 1829 430 14

512 532 898 597 Gunnildam
959 529 1215 596 funibus
1268 531 1580 611 vinciunt,
1643 531 1996 614 laqveoqve
2042 531 2279 597 collum
2324 532 2801 617 obstringentes
2850 540 2919 601 et
2965 558 3081 601 an-

511 639 712 704 chora
756 639 949 703 dorso
996 635 1259 718 alligata
1299 636 1367 700 in
1411 637 1748 720 voragines
1802 637 2177 721 projiciunt,
2244 636 2469 720 qvibus
2512 644 2748 722 postea
2788 639 2896 704 hic
2956 643 3079 706 mi-

510 743 803 809 serabilis
850 742 967 808 sed
1009 747 1228 806 tamen
1270 740 1460 807 factis
1506 748 1572 808 et
1614 744 1747 808 vita
1787 743 2166 828 impiissima
2211 741 2438 827 dignus
2484 744 2820 810 Gunnildae
2866 747 3080 811 exitus

509 869 867 932 cognomen
908 848 1180 931 peperit.

813 954 1052 1032 Qvibus
1111 952 1454 1033 confectis,
1520 954 1703 1036 regia
1744 959 1973 1037 petunt
2015 959 2197 1020 tecta
2239 959 2306 1020 et
2347 954 2637 1020 Haraldo
2681 956 2870 1039 Regi,
2936 978 3077 1040 qvae

505 1060 742 1126 fuerint
785 1060 1120 1125 Gunnildae
1162 1059 1331 1139 fata,
1377 1066 1733 1143 exponunt,
1779 1060 2004 1143 qvibus
2045 1061 2152 1125 ille
2195 1061 2505 1143 majorem
2548 1063 2617 1126 in
2656 1062 2920 1127 modum
2965 1064 3077 1128 de-

504 1166 886 1232 lectabatur.
972 1166 1091 1230 His
1135 1166 1228 1230 ita
1270 1167 1469 1248 gestis
1516 1172 1582 1231 et
1623 1167 1819 1233 rebus
1863 1166 2138 1249 undiqve
2183 1167 2592 1250 compositis,
2636 1167 2963 1233 Haraldus
3009 1175 3078 1233 et
3209 1218 3230 1223 -

505 1272 834 1355 Haqvinus
877 1271 1146 1336 multum
1191 1271 1418 1354 diuqve
1463 1294 1504 1336 a
1544 1273 1795 1338 bellicis
1838 1274 2152 1337 immunes
2195 1271 2570 1338 tumultibus
2616 1273 3074 1339 consederunt.

505 1377 836 1460 Haqvinus
882 1398 1033 1442 vero
1066 1383 1291 1460 pacta
1342 1377 1584 1443 tributa
1635 1377 1926 1443 Haraldo
1980 1380 2048 1443 in
2100 1379 2465 1443 universum
2521 1381 2856 1462 qvotannis
2913 1381 3074 1446 dare

508 1505 577 1548 se
632 1503 828 1566 posse
892 1481 1192 1566 negabat.
1287 1483 1430 1548 Hoc
1486 1489 1685 1567 pacto
1741 1486 1893 1550 anni
1945 1485 2214 1567 aliqvot‚
2275 1484 2453 1566 Rege
2495 1483 2785 1550 Haraldo
2829 1486 3076 1551 tributa

509 1610 645 1653 non
690 1591 1011 1672 exigente,
1059 1587 1416 1654 elabuntur.

1602 1899 1795 1956 GAP.
1841 1899 1965 1955 vl.

662 2065 881 2129 Caesar
929 2064 1069 2130 Otto
1114 2064 1326 2130 Danis
1371 2065 1597 2131 bellum
1637 2078 1892 2131 movens
1932 2065 2212 2149 fuqatwr.
2312 2067 2556 2133 Valbum
2596 2066 2913 2132 Danicum

1607 2174 1965 2238 instruitur.

802 2382 979 2465 Rege
1022 2382 1309 2448 Haraldo
1356 2383 1442 2448 ad
1480 2385 1663 2466 regni
1695 2384 1928 2449 Danici
1969 2382 2407 2467 gubernacula
2448 2382 2745 2463 sedent-e,
2770 2381 3064 2448 Saxoniae

497 2490 699 2571 iisqve
741 2487 1141 2571 regionibuS,
1189 2509 1324 2570 qvae
1368 2489 1551 2554 Peito
1598 2489 1996 2569 dicebantur,
2043 2489 2197 2554 Otto
2244 2489 2467 2554 Gaesar
2509 2494 2575 2553 et
2618 2509 2764 2552 cum
2809 2509 2886 2553 eo
2934 2488 3060 2552 duo

499 2595 779 2659 barones
793 2643 808 2674 ‚
867 2614 1132 2676 qvorum
1175 2594 1360 2659 alteri
1414 2594 1829 2678 Urguthrioto
1884 2595 2071 2660 alteri
2128 2595 2539 2660 Brimisciaro
2600 2615 2838 2659 nomen
2895 2600 3063 2673 erat,

497 2700 855 2785 imperavit.

800 2805 1034 2870 Fertur
1097 2804 1372 2888 qvodam
1436 2805 1541 2872 die
1618 2806 2055 2872 natalitiorum
2121 2806 2477 2872 Servatoris
2541 2804 2798 2869 Domini
2859 2804 3066 2868 nostri

496 2912 537 2977 J
540 2932 654 2977 esu
719 2910 956 2976 Christi
1017 2916 1235 2976 votum
1298 2933 1709 2996 nuncupasse
1729 2963 1744 2994 ,
1811 2934 1882 2978 se
1945 2918 2079 2976 tres
2147 2932 2351 2976 annos
2418 2912 2572 2976 totis
2626 2908 2864 2976 viribus
2907 2907 3065 2973 illud

497 3039 695 3082 unum
768 3023 1063 3109 acturum
1085 3068 1100 3098 ‚
1163 3023 1237 3082 ut
1295 3019 1362 3082 in
1431 3018 1709 3083 Daniam
1784 3018 2338 3084 Christianismum
2393 3018 2474 3094 (si
2513 3017 2643 3080 ullo
2687 3014 2882 3080 modo
2926 3013 3066 3078 fieri

496 3121 750 3205 posset)
796 3128 862 3186 et
903 3122 1097 3187 fidem
1141 3143 1396 3188 sacram
1437 3125 1785 3190 inveheret.
1894 3123 2010 3188 Cui
2061 3130 2210 3188 voto
2253 3128 2326 3188 ut
2380 3122 2814 3202 satisfaceret,
2882 3141 3063 3185 exer-

500 3230 697 3294 citum
763 3249 843 3293 ex
907 3228 1200 3295 omnibus
1262 3231 1477 3312 regnis
1545 3236 1612 3295 et
1652 3231 1996 3314 provinciis
2049 3231 2180 3294 suis
2227 3230 2376 3294 anni
2419 3230 2605 3293 unius
2651 3229 2863 3311 spatio
2910 3248 3063 3292 con-

499 3336 787 3417 scripsit,
834 3340 899 3400 et
942 3356 1131 3417 qvam
1173 3337 1486 3400 maximas
1530 3336 1757 3418 potuit,
1805 3337 2027 3419 copias
2074 3336 2305 3418 coegit.

801 3441 920 3506 His
984 3441 1345 3506 rumoribus
1409 3443 1477 3507 in
1531 3442 1809 3506 Daniam
1861 3442 2128 3525 perlatis
2201 3440 2485 3523 Regiqve
2528 3438 2817 3505 Haraldo
2864 3439 3058 3521 signi-

503 3546 747 3628 ficatiS,
793 3546 1214 3631 qvadraginta
1254 3547 1492 3630 legati¹
1543 3549 1610 3613 in
1653 3548 2043 3631 Norvagiam
2087 3548 2172 3613 ad
2214 3547 2576 3630 Haqvinum
2621 3567 2661 3610 a
2701 3566 2855 3628 rege
2916 3546 3060 3610 mit-

501 3660 738 3734 tuntur,
804 3654 906 3736 qvi
968 3653 1036 3717 in
1101 3672 1347 3718 summo
1392 3659 1527 3719 tam
1569 3654 1894 3737 religionis
1939 3674 2129 3737 qvam
2169 3655 2315 3719 vitae
2359 3653 2878 3734 fortunarumqve
2925 3651 3055 3716 dis-

493 3760 756 3825 crimine
811 3758 892 3824 ab
954 3758 1246 3840 Haqvino
1315 3779 1506 3843 opem
1572 3759 1993 3844 auxiliumqve
2036 3764 2281 3844 petant.
2369 3758 2699 3842 Haqvinus
2742 3778 2881 3823 rem
2923 3778 3060 3823 ma-

495 3866 736 3931 ximam
780 3866 884 3949 agi
925 3865 1146 3930 videns
1199 3865 1469 3932 Haraldi
1509 3865 1703 3947 Regis
1747 3867 2041 3950 petitioni
2082 3887 2213 3931 non
2255 3866 2567 3950 gravatim
2611 3864 2859 3945 annuit,
2927 3864 3060 3929 exi-

493 3972 760 4038 stimans
780 3970 866 4052 id,
889 3971 1057 4054 qvod
1080 3978 1238 4054 erat,
1260 3972 1474 4040 Dania
1497 3974 1751 4041 Christo
1776 3974 2046 4054 lucrata,
2069 3993 2202 4038 non
2220 3972 2421 4037 multo
2438 3973 2470 4012 ²
2489 3977 2641 4056 post
2659 3971 3053 4054 Norvagiam

496 4098 536 4143 a
588 4077 788 4161 veteri
814 4148 819 4151 ,
849 4078 1157 4162 religione
1213 4085 1278 4145 et
1335 4087 1591 4166 patrum
1636 4101 1918 4146 suorum
1939 4079 2246 4145 institutis
2293 4077 2749 4145 discessuram.
2834 4077 3056 4162 Itaqve

495 4183 784 4250 collectis
831 4184 1163 4251 celerrime
1198 4192 1455 4253 centum
1475 4187 1888 4272 praesidiariis
1912 4184 2198 4267 navibus,
2231 4186 2299 4250 in
2320 4185 2599 4251 Daniam
2631 4187 2828 4251 citato
2866 4203 3058 4251 cursu

493 4291 699 4373 venit,
767 4293 1054 4374 exceptis
1110 4292 1261 4373 illis,
1326 4293 1430 4377 qvi
1474 4299 1835 4381 spontanea
1874 4292 2201 4357 voluntate
2243 4292 2539 4376 Haqvino
2585 4292 2917 4376 suppetias
2960 4291 3056 4356 la-

493 4384 619 4460 turi
670 4395 944 4478 undiqve
1003 4398 1462 4465 confluxerant.
1569 4398 1624 4465 E
1679 4396 1826 4464 navi
1880 4398 2317 4480 egredientem
2371 4395 2735 4483 Haqvinum
2777 4419 2893 4462 rex
2933 4388 3090 4462 ho-⁴

492 4500 757 4568 norifice
811 4507 1091 4589 excepit,
1149 4527 1523 4591 omnemqve
1576 4503 2004 4589 Norvagicam
2045 4502 2285 4587 pubem
2324 4505 2683 4572 lautissime
2726 4504 3048 4570 tractavit.

569 4693 587 4726 ¹
626 4692 728 4765 „60
761 4692 995 4748 manna“
1032 4691 1150 4747 Fm.
1190 4691 1242 4746 S.
1277 4690 1357 4745 XI
1392 4692 1473 4747 26.
1615 4695 1641 4726 ²
1674 4691 1938 4757 multum,
1979 4689 2125 4744 1778.
2179 4762 2182 4765 Α
