3350 5234
1761 340 1840 404 18

529 507 781 570 ratione
826 506 1095 570 victoria
1135 504 1323 570 nobis
1367 505 1725 586 contingat,
1779 524 1900 568 nos
1944 504 2387 586 obligabimus.
2515 505 2844 571 Praeterea
2887 528 3088 590 eqvos

522 620 591 676 et
632 610 921 675 caballos
963 630 1085 674 nos
1126 611 1493 692 neutiqvam
1536 610 1833 691 (borum¹
1884 612 2054 674 enim
2073 610 2252 675 Deus
2283 611 2471 675 nobis
2499 611 2854 694 interdixit)
2893 615 3088 678 attin-

523 737 766 800 gemus.
850 717 1083 781 Divina
1136 715 1479 779 clementia
1533 715 1615 779 de
1668 717 1841 779 victu
1893 724 1960 780 et
2017 715 2211 780 rebus
2263 719 2648 782 necessariis
2701 718 2892 784 nobis
2934 741 3087 802 pro-

520 821 779 887 videbit.
866 821 1031 886 Illud
1075 822 1273 885 etiam
1315 821 1479 900 volo,
1515 828 1587 886 ut
1630 821 1878 886 fascem
1921 821 2237 904 lignorum
2276 824 2345 886 in
2385 823 2599 888 vicina
2629 823 2806 906 sylva
2823 825 3087 906 qvilibet

531 928 845 1007 succidat,
919 949 1185 1010 eumqve
1231 927 1317 991 ad
1360 926 1611 992 Vallum
1666 928 1984 991 Danicum
2027 934 2347 1010 apportet.
2433 929 2594 993 Haec
2640 929 2766 994 ille.
2855 930 3088 1013 Operis

524 1040 743 1099 autem
787 1054 903 1099 seu
945 1034 1094 1098 valli
1136 1034 1277 1098 haec
1324 1033 1458 1098 sere
1500 1035 1710 1098 forma
1753 1035 1958 1098 erat.²

824 1140 1105 1204 Primum
1168 1138 1401 1203 vallum
1461 1141 1675 1222 ipsum
1738 1162 1818 1205 ex
1881 1139 2172 1204 trabibus
2235 1139 2599 1223 ingentibus
2665 1146 3076 1222 compactum

520 1244 669 1309 hinc
735 1251 923 1327 atqve
994 1245 1143 1310 hinc
1210 1247 1407 1310 clavis
1460 1248 1816 1310 revinctum
1871 1245 2007 1309 fuit.
2135 1245 2212 1309 In
2267 1248 2632 1310 summitate
2678 1252 2892 1310 autem
2938 1247 3084 1311 valli

520 1352 1033 1434 propugnacula,
1098 1373 1141 1416 a
1204 1372 1275 1416 se
1316 1353 1591 1417 invicem
1635 1358 1894 1415 centum
1937 1372 2278 1433 orgyarum
2320 1353 2531 1434 spatio
2583 1358 2863 1430 remota,
2931 1374 3084 1417 con-

526 1464 774 1522 structa
816 1457 1014 1521 fuere.
1126 1457 1424 1521 Exterius
1469 1465 1686 1521 autem
1727 1457 1908 1521 fossa
1952 1457 2180 1522 decem
2223 1476 2452 1540 orgyas
2503 1457 2642 1520 lata
2693 1458 3085 1540 totidemqve

520 1563 843 1647 profunda
913 1584 1255 1628 accessum
1316 1564 1464 1627 valli
1519 1562 1925 1645 prohibebat.
2033 1563 2236 1628 Porro
2285 1563 2473 1645 lignis
2529 1568 2597 1626 et
2649 1562 2942 1628 trabibus
3004 1585 3086 1628 ex

523 1670 670 1734 Olai
721 1669 1043 1733 sententia
1097 1668 1337 1747 allatis,
1390 1676 1624 1750 pontes
1679 1690 1761 1733 ex
1804 1669 2076 1733 adverso
2118 1669 2612 1751 uniuscujusqve
2630 1671 2658 1708 ³
2714 1690 3081 1753 propugna-

520 1776 650 1839 culi
693 1775 779 1839 ad
818 1773 1053 1838 vallum
1094 1794 1293 1855 usqve
1335 1776 1803 1857 pertingentes,
1850 1780 2245 1840 construunt.
2353 1772 2606 1838 Deinde
2650 1777 2869 1839 omnia
2923 1798 3081 1840 vasa

520 1880 849 1947 fomitibus
916 1885 984 1944 et
1044 1879 1329 1961 virgultis
1395 1881 1609 1961 ignem
1660 1880 1854 1945 facile
1911 1878 2420 1962 concipientibus
2487 1881 2812 1962 completa
2862 1884 3083 1947 incen-

522 1988 757 2053 duntur
820 1994 886 2050 et
926 1985 1094 2049 vallo
1136 1986 1759 2068 propugnaculisqve
1805 1986 2225 2051 admoventur
2266 1990 2335 2049 et
2376 1984 2815 2068 subjiciuntur.
2937 1989 3082 2053 Hac

518 2095 768 2159 ratione
824 2092 1058 2156 vallum
1112 2111 1301 2154 omne
1318 2140 1334 2170 ,
1388 2093 1623 2156 austris
1681 2092 2074 2176 spirantibus
2087 2142 2102 2170 ‚
2159 2092 2449 2173 seqventi
2500 2097 2694 2155 nocte
2754 2098 3079 2171 exustum,

521 2200 630 2264 et*
668 2197 1157 2282 propugnacula
1198 2196 1544 2280 absumpta
1586 2204 1754 2262 sunt.
1841 2199 1961 2262 Die
2007 2198 2450 2262 elucescente⁶
2501 2202 2700 2261 tantae
2735 2218 2778 2261 a
2808 2197 3083 2263 nubibus

520 2305 752 2388 pluviae
809 2302 1255 2382 destillabant,
1310 2308 1384 2366 ut
1434 2323 1750 2367 summam
1805 2302 2101 2368 omnibus
2151 2305 2520 2367 incuterent
2573 2303 3082 2368 admirationem.

520 2411 725 2494 Hujus
780 2416 996 2475 antem
1048 2430 1229 2491 aqvae
1302 2407 1619 2473 beneficio
1675 2409 1996 2474 carbones
2049 2416 2117 2473 et
2168 2408 2411 2487 favilla,
2469 2414 2709 2490 praeter
2750 2430 2887 2491 qvae
2930 2410 3089 2474 nihil

520 2518 602 2583 de
644 2522 829 2581 tanto
872 2535 1069 2599 opere
1113 2519 1478 2597 supererat,
1523 2515 1846 2580 exstincta
1890 2521 2040 2579 sunt
2077 2516 2203 2595 ita,
2246 2520 2320 2579 ut
2359 2512 2570 2580 libera
2609 2513 2734 2578 toti
2776 2516 3086 2581 exercitui

519 2623 625 2688 via
667 2621 945 2703 undiqve
986 2625 1261 2704 pateret.

823 2725 1148 2791 Haraldus
1192 2732 1410 2791 autem
1452 2731 1519 2790 et
1558 2725 1907 2809 Haqvinus,
1946 2728 2048 2793 his
2090 2729 2263 2809 visis,
2308 2727 2394 2791 ad
2424 2748 2622 2792 naves
2659 2727 2859 2794 citato
2895 2748 3087 2794 cursu

522 2832 1020 2899 contendebant.
1150 2831 1373 2897 Caesar
1431 2833 1644 2914 itaqve
1698 2853 1819 2917 per
1867 2841 2131 2918 pontes,
2185 2856 2342 2917 qvos
2393 2840 2729 2899 ventorum
2779 2834 3088 2900 violentia

524 2938 607 3004 ab
650 2941 797 3021 igne
841 2944 1340 3003 conservaverat
1353 2939 1397 3018 ⁶,
1451 2938 1752 3004 traducto
1797 2942 2082 3005 exercitu
2095 2991 2111 3019 ,
2153 2943 2221 3005 in
2287 2939 2676 3023 aeqvirendo
2722 2946 3090 3005 commeatu

521 3050 728 3109 totum
770 3043 940 3108 diem
980 3042 1400 3126 transigebat.
1485 3044 1526 3109 J
1528 3065 1633 3108 am
1678 3047 1847 3109 enim
1888 3052 2096 3111 totum
2128 3047 2531 3129 qvatriduum
2557 3046 2817 3128 jejuniis
2852 3066 3087 3128 corpus

523 3155 970 3214 maceraverat
980 3151 1028 3234 7.
1084 3149 1248 3213 Tum
1270 3151 1591 3214 accersito
1635 3151 1722 3215 ad
1765 3172 1836 3215 se
1881 3151 2064 3232 Olao,
2110 3154 2292 3236 cujus
2333 3154 2614 3218 nationis
2658 3153 2771 3232 sit,
2811 3152 3086 3234 inqvirit.

523 3255 638 3320 Ille
682 3274 754 3319 se
800 3260 946 3320 ortu
984 3254 1395 3338 Norvagum⁸
1438 3276 1584 3320 esse
1628 3258 2000 3340 respondet.

1619 3515 1812 3571 cAP.
1863 3513 1983 3572 IX.

652 3656 989 3724 Haraldus
1033 3659 1094 3723 et
1134 3657 1470 3742 Haqvinus
1514 3658 1721 3726 tranas
1761 3663 1911 3726 victi
1952 3660 2344 3745 conflictibus
2371 3681 2602 3743 pacem
2628 3665 2859 3743 petunt
2900 3663 2962 3724 et

1252 3765 1452 3832 Sacro
1495 3766 1940 3849 Baptzkmatffl
1995 3768 2352 3834 abluuntur.

824 3951 1010 4021 Vallo
1052 3952 1302 4020 Danico
1348 3955 1561 4023 divina
1603 3975 1728 4040 ope
1769 3956 2235 4040 prudentiaqve
2280 3954 2426 4022 Olai
2463 3958 2710 4037 exuste,
2751 3954 3086 4039 Haqvinus

524 4065 591 4128 et
637 4058 962 4128 Haraldus
1012 4082 1158 4128 cum
1183 4061 1568 4130 Caesarianis
1611 4067 1731 4143 ter,
1785 4062 1902 4129 sed
1943 4084 2175 4148 parum
2213 4081 2548 4148 prospere,
2591 4061 2908 4147 proelium
2953 4066 3085 4129 ter-

596 4205 615 4238 ¹
653 4201 794 4257 Saal.
830 4203 1014 4274 begge
1047 4200 1228 4258 Afskr.

591 4297 619 4330 ⁹
650 4292 762 4348 Fra
796 4294 965 4349 “Haec
998 4295 1144 4350 ille.“
1180 4295 1340 4350 Iader
1382 4298 1515 4351 1778
1548 4311 1697 4351 vaere
1734 4310 1804 4350 en
1837 4308 1914 4365 ny
1947 4291 2109 4350 Linie
2142 4287 2233 4349 for
2265 4291 2365 4365 sig.

596 4384 620 4421 ⁸
654 4382 848 4453 „unius
884 4382 1200 4456 cujusque“,
1239 4388 1385 4443 1778.

590 4478 617 4514 ⁴
654 4475 796 4546 „et“,
830 4475 1063 4531 udeladt
1093 4475 1114 4531 i
1155 4478 1304 4534 1778.
1447 4483 1471 4515 ⁶
1507 4479 1875 4549 „elusceute“,
1915 4476 2063 4534 1778.

597 4571 673 4605 Μ
706 4569 799 4623 59:
839 4569 1278 4640 „conservarat“,
1316 4570 1711 4640 „macerarat“.

594 4665 619 4699 ⁰
655 4663 816 4721 1778:
852 4658 1175 4732 Nol-vagum
1211 4664 1356 4717 ortu.
1501 4665 1525 4698 ⁹
1559 4679 1719 4719 sacra
1750 4660 2103 4732 baptismate.
2142 4661 2224 4714 59.
