3350 5234
1755 286 1841 351 44

1602 460 1791 516 ΟΔΡ.
1840 458 1991 514 XV.

945 603 1025 667 H
1020 603 1285 685 aqvinus
1325 602 1569 684 nefaria
1613 603 1889 669 litatione
1928 602 2131 683 filium
2173 621 2359 666 suum
2399 607 2639 667 mactat.

824 766 1150 850 Haqvinus
1193 768 1384 847 Bar0,
1428 787 1510 832 ne
1555 769 1653 832 sui
1695 766 1941 850 proelio
1984 766 2137 831 victi
2179 766 2689 846 succumberent,
2748 773 3070 849 metuens,

522 872 645 935 nisi
716 873 1113 938 convenienti
1179 872 1387 954 aliqvo
1441 878 1888 938 occurreretur
1931 871 2182 950 auxili0‚
2226 872 2451 954 paucis
2499 872 2773 953 stipatus
2817 873 3067 955 sylvam

521 977 796 1041 vicinam
836 978 1041 1059 petiit,
1087 996 1280 1059 seqve
1322 978 1390 1040 in
1431 981 1669 1042 terram
1712 982 2147 1059 prosternam,
2203 975 2368 1040 facie
2412 995 2632 1039 versus
2678 978 3067 1058 septentrio-

522 1100 671 1144 nem
726 1101 1054 1161 conversa,
1111 1081 1322 1146 divam
1380 1081 1820 1164 Thorgerdam
1860 1080 2223 1163 Holgatroll
2266 1080 2784 1162 cognominatam
2824 1079 3067 1145 talibus

529 1203 779 1249 summa
824 1187 1019 1251 animi
1061 1187 1471 1251 contentione
1517 1187 1735 1268 coepit
1772 1187 2092 1251 invocare.

832 1290 994 1369 Huc,
1061 1292 1279 1373 inqvit,
1343 1289 1734 1372 Thorgerda‚
1815 1308 2003 1356 aures
2058 1293 2358 1370 patentes
2405 1287 2731 1369 adhibeto,
2777 1311 3069 1374 eumqve,

529 1393 633 1475 qvi
675 1392 793 1457 tibi
835 1396 1029 1460 toties
1072 1394 1320 1461 hostias
1361 1393 1599 1474 libavit,
1654 1395 1759 1477 qvi
1798 1400 1864 1459 te
1907 1398 2007 1457 tot
2046 1391 2367 1475 precibus,
2409 1412 2578 1456 nunc
2622 1414 2811 1476 qvam
2850 1394 3069 1475 irritiS,

528 1495 915 1578 defatigavit,
970 1500 1073 1582 qvi
1126 1505 1191 1565 te
1236 1498 1527 1563 omnibus
1574 1497 1695 1563 diis
1739 1517 1995 1580 semper
2033 1497 2333 1580 praetulit,
2400 1516 2585 1579 qvem
2626 1503 2698 1563 tu
2737 1498 3068 1564 multoties

528 1621 607 1664 ex
647 1602 1160 1684 impendentibus
1202 1604 1407 1682 malis,
1451 1623 1571 1686 qvo
1616 1602 2029 1686 gravioribus,
2072 1602 2198 1668 hoc
2232 1602 2533 1670 libentius
2561 1604 2865 1686 eripuisti,
2903 1624 3072 1683 eum,

528 1709 802 1790 inqvam,
844 1730 1015 1774 nunc
1056 1708 1332 1790 benigno
1374 1708 1549 1772 vultu
1591 1708 1887 1790 aspicito,
1929 1709 2180 1791 votiqve
2216 1715 2582 1791 compotem
2621 1707 2840 1788 facite,
2882 1709 3074 1792 inqve

531 1814 830 1877 extremis
899 1815 1315 1877 constitutum
1377 1813 1561 1881 malis
1630 1814 1965 1879 victoriam
2042 1814 2280 1878 nostris
2346 1812 2764 1878 concedendo
2822 1813 3071 1895 juvato·

529 1916 644 1997 Tu,
690 1938 825 2000 qvae
872 1919 1088 1983 omnia
1130 1938 1324 2000 super
1364 1922 1603 1982 terram
1647 1917 1964 1999 degentia,
2032 1939 2292 2001 qvaeqve
2348 1918 2572 1983 subtus
2627 1937 2708 1982 ea
2751 1923 2918 1997 sunt,
2960 1923 3076 1982 tuo

534 2027 775 2089 aeterno
829 2024 1007 2105 regio
1060 2023 1329 2106 imperio
1385 2023 1574 2105 regis,
1630 2043 1769 2105 qvae
1827 2028 2052 2115 ventos
2108 2023 2371 2102 excitas,
2431 2022 2818 2105 eosdemqve
2862 2022 3079 2102 sedas,

534 2148 671 2211 qvae
715 2133 1156 2212 tempestateS,
1201 2128 1543 2212 grandines
1585 2126 2165 2209 immoderatasqve
2208 2127 2454 2210 pluvias
2501 2127 2652 2207 cies,
2694 2133 2876 2193 tuam
2906 2149 3079 2194 nunc

535 2237 808 2301 exerce¹
852 2234 1224 2317 potentiam,
1268 2239 1342 2298 ut
1381 2240 1561 2298 tuum
1598 2232 1736 2315 jam
1780 2231 2036 2296 demum
2075 2233 2410 2314 imperium
2443 2251 2667 2296 omnes
2713 2238 3079 2314 agnoscant

537 2346 604 2404 et
666 2340 1147 2422 pertimescant·
1230 2338 1286 2402 Ii
1347 2338 1571 2403 felices
1637 2343 1704 2402 et
1764 2342 1984 2419 terqve
2050 2342 2393 2420 qvaterqve
2455 2335 2651 2415 beati,
2705 2336 2894 2419 idqve
2933 2337 3078 2419 jure

538 2446 798 2526 optimc,
851 2448 1245 2526 reputantur,
1303 2465 1458 2526 qvos
1502 2449 1573 2508 tu
1618 2443 1803 2508 donis
1846 2449 1983 2508 tam
2025 2442 2287 2520 eximiis,
2342 2446 2480 2506 tam
2522 2441 2898 2507 sublimibus
2944 2441 3079 2524 dig·

537 2568 657 2614 nos
703 2569 951 2630 censes,
994 2554 1228 2632 tuoqve
1270 2549 1489 2615 favore
1535 2549 1875 2632 complexa
1913 2547 2128 2625 fueriS,
2174 2550 2240 2611 et
2279 2547 2327 2610 ii
2368 2545 2636 2628 deniqve
2676 2552 2778 2612 ter
2799 2547 3081 2612 omnium

539 2655 929 2735 misserrimi,
994 2675 1035 2719 a
1098 2674 1360 2737 qvorum
1417 2656 1623 2720 salute
1664 2654 1862 2719 fueris
1906 2673 2153 2718 aversa.
2259 2650 2377 2715 His
2423 2651 2589 2716 enim
2630 2672 2877 2733 poenas
2918 2653 3080 2716 irro-

541 2779 656 2842 gas
720 2760 1141 2840 tristissimas,
1208 2762 1556 2844 qvicunqve
1618 2759 1814 2825 bilem
1876 2756 1994 2822 tibi
2059 2757 2468 2821 conciverint.
2576 2756 2663 2820 Et
2718 2762 2913 2837 certe,
2958 2757 3082 2821 nisi

541 2866 703 2931 meis
748 2867 1046 2931 annueris
1088 2866 1408 2949 precibus,
1463 2865 1739 2946 mihiqve
1781 2867 1849 2926 te
1890 2861 2150 2926 facilem
2192 2860 2466 2940 dederiS,
2523 2868 2588 2926 te
2631 2861 2786 2926 mihi
2827 2863 3079 2945 iratam,

540 2972 765 3036 nescio
808 2971 995 3050 unde,
1042 2968 1570 3052 desperabundus
1617 2967 1867 3049 colligo·
1955 2966 2053 3031 Tu
2084 2987 2234 3031 vero
2258 2967 2487 3032 virtute
2508 2972 2623 3031 tua
2644 2968 3080 3050 sapientiaqve

544 3096 757 3140 meam
800 3076 1156 3158 praevenias
1202 3074 1550 3151 stultitiam,
1596 3092 1881 3153 eumqve,
1949 3072 2050 3154 qvi
2095 3076 2161 3135 te
2204 3070 2523 3135 submisso
2570 3091 2826 3153 semper
2869 3072 3079 3135 animo

545 3181 758 3260 coluit,
803 3181 1023 3263 qviqve
1067 3183 1213 3242 tuas
1256 3177 1433 3259 leges
1479 3175 1947 3241 studiosissime
1993 3196 2251 3257 semper
2282 3175 2657 3256 observavit,
2701 3177 2768 3240 in
2808 3176 3080 3257 gratiam

547 3286 824 3368 recipias
868 3283 1255 3364 victoriaqve
1297 3280 1474 3360 bees,
1521 3301 1655 3345 oro.

852 3388 1088 3467 Qvibus
1133 3386 1341 3466 dictiS,
1386 3406 1612 3452 somno
1659 3407 1730 3450 se
1777 3386 2166 3468 composuit:
2211 3386 2336 3450 Per
2377 3386 2653 3468 qvietem
2694 3405 2846 3450 vero
2866 3385 3079 3449 videre

539 3497 710 3584 visus
757 3500 857 3560 est
893 3492 1334 3575 Thorgerdam
1366 3492 1488 3557 sibi
1512 3491 1827 3557 offensam
1848 3511 1969 3556 nec
2012 3510 2244 3573 preces
2290 3490 2595 3555 exaudire
2641 3510 2763 3554 nec
2810 3489 3079 3571 hostias,

545 3620 702 3684 qvas
748 3598 1076 3665 oblaturus
1122 3602 1281 3676 erat,
1326 3602 1678 3680 acceptare
1721 3596 1901 3660 velle.
1990 3595 2269 3679 Cumqve
2310 3595 2573 3662 humani
2617 3596 2934 3678 sangvinis
2955 3596 3082 3660 vic-

540 3706 795 3772 timam²
834 3703 1262 3787 polliceretur,
1310 3701 1504 3766 etiam
1553 3701 1732 3766 illam
1773 3700 2178 3783 Thorgerda³
2219 3701 2588 3784 respuebat.
2644 3699 2882 3766 Ultimo
2914 3721 3081 3781 vero,

548 3831 711 3891 cum,
791 3826 1176 3892 qvaecunqve
1238 3805 1445 3886 vellet,
1508 3806 1710 3888 ipsius
1777 3826 1848 3871 se
1914 3826 2040 3870 arae
2086 3805 2567 3886 destinaturum,
2634 3827 2705 3873 se
2751 3827 2899 3872 cum
2938 3805 3079 3871 filiis

550 3915 842 3983 Svenone
908 3918 974 3978 et
1035 3912 1228 3978 Erico
1295 3912 1598 3995 exceptis,
1662 3911 2082 3993 promitteret,
2146 3911 2257 3976 illa
2318 3911 2516 3978 filium
2557 3911 2696 3995 ejus
2738 3912 3081 3995 Erlingum,

547 4025 923 4105 septennem
989 4018 1246 4102 optimae
1313 4017 1453 4101 spei
1514 4037 1800 4099 puerum,
1863 4015 2286 4100 poposcebat.
2392 4018 2505 4083 Ille
2574 4017 2747 4084 dicto
2814 4015 3076 4083 audiens

543 4124 740 4192 filiu'm
772 4124 984 4190 lictori
1028 4123 1283 4189 cuidam
1304 4122 1662 4205 Erlingum⁴
1703 4120 2216 4187 interficiendum
2239 4122 2433 4204 dedit,
2459 4143 2578 4207 qvo
2612 4122 2969 4202 interfecte,
3014 4126 3077 4186 et

548 4232 846 4314 sangvine
913 4230 1040 4296 aris
1109 4248 1395 4312 aspers0,
1461 4227 1789 4310 Haqvinus
1856 4226 1940 4292 ad
1993 4248 2189 4293 naves
2246 4227 2431 4294 laetus
2474 4248 2751 4311 pergens
2796 4246 2949 4292 suos
2998 4226 3078 4292 ad

544 4357 825 4419 pugnam
864 4335 1116 4402 fortiter
1159 4332 1667 4400 conserendam⁶
1708 4332 2041 4396 victoriam
2063 4337 2240 4398 certo
2267 4333 2658 4398 denuncians
2682 4331 3077 4399 hortabatur.

620 4475 638 4506 ¹
675 4475 764 4526 59:
804 4489 982 4526 exere.
1126 4476 1152 4506 ²
1185 4473 1375 4541 Begge
1410 4469 1592 4524 Afskr.
1624 4469 1753 4523 har:
1787 4469 2027 4523 victima.
2172 4472 2204 4519 ⁵.
2234 4471 2366 4523 1778
2400 4470 2529 4539 mgl.

613 4566 641 4597 ⁴
678 4565 833 4618 1778:
874 4561 1121 4632 Erling0.
1269 4566 1292 4597 ⁵
1330 4564 1488 4618 17⁷8:
1525 4558 1938 4633 conferendam.
