3350 5234
1721 295 1803 359 10

478 451 651 519 tibus
717 459 783 519 et
826 455 1120 520 omnibus
1164 455 1423 541 regibus
1466 460 2029 541 praeponentibus,
2072 479 2177 525 me
2207 461 2230 499 ¹
2304 458 2513 524 solum
2553 458 2839 525 tacuisse
2856 509 2872 540 ,
2930 479 3049 525 nec

481 561 816 643 qvicqvam
833 562 865 600 ²
920 566 1165 628 temere
1237 562 1606 630 effutivisse.
1692 565 1839 631 Non
1891 570 2110 631 tamen
2150 586 2255 630 me
2297 563 2543 630 idcirco
2589 565 2657 628 in
2699 565 3049 649 reprehen-

483 667 730 731 sionem
771 667 1357 749 indignationemve
1400 674 1581 734 tuam
1622 671 1970 737 incurrisse
2017 677 2195 755 puto.
2283 670 2401 736 Cui
2439 691 2590 735 rex:
2643 672 2948 737 Forsitan
2986 671 3049 736 in

484 792 707 837 eorum
758 774 1191 857 acqvievisses
1260 777 1583 842 sententia
1640 782 1708 842 et
1763 799 1868 842 me
1925 779 2148 844 vicinis
2190 777 2588 861 praetulisses
2630 776 3048 861 principibus,

481 877 606 943 nisi
651 879 837 944 aliter
877 900 1016 944 rem
1061 900 1131 947 se
1175 882 1418 948 habere
1465 887 1644 948 certo
1691 884 1914 949 scires.
1972 884 2377 967 Qvapropter
2413 883 2598 947 avide
2636 884 2803 948 scire
2843 884 3047 980 cupio,

480 983 627 1066 qvid
671 1005 884 1050 causae
930 987 1044 1066 sit,
1092 1008 1207 1052 cur
1256 987 1327 1052 in
1369 988 1642 1053 eandem
1689 1010 1835 1055 cum
1879 990 2021 1055 aliis
2068 990 2457 1055 sententiam
2490 1009 2621 1052 non
2645 987 3044 1053 discesseris.

484 1088 647 1154 Tum
688 1089 1050 1173 Haqvinus:
1118 1094 1442 1173 Qvamvis,
1509 1095 1627 1174 ait,
1695 1094 1777 1159 de
1828 1096 2066 1160 talibus
2128 1093 2323 1160 rebus
2381 1113 2712 1160 sermones
2760 1093 3048 1159 conferre

480 1196 768 1261 nonnihil
810 1197 1207 1264 difficultatis
1252 1207 1319 1264 et
1346 1201 1740 1266 incommodi
1772 1200 2185 1284 conjunctum
2203 1199 2476 1281 habeat,
2521 1201 2670 1282 qvia
2690 1205 2912 1265 tamen
2934 1199 3045 1265 ad-

479 1302 741 1367 modum
786 1304 1018 1386 cupide
1062 1325 1301 1384 meam,
1372 1327 1410 1369 o
1453 1306 1617 1371 Rex!
1688 1307 2076 1371 sententiam
2119 1312 2494 1389 exspectas,
2556 1306 2772 1372 dicam
2811 1305 3048 1386 libere,

483 1408 652 1490 qvod
696 1412 923 1475 sentio.
1008 1411 1229 1494 Itaqve
1272 1412 1429 1477 illud
1474 1417 1854 1478 constanter
1896 1433 2140 1493 assero,
2183 1413 2362 1478 illum
2403 1433 2624 1496 regem
2679 1417 2831 1478 ante
2887 1413 3046 1478 alios

480 1518 723 1600 primas
787 1536 920 1581 non
981 1519 1241 1597 mereri,
1308 1519 1412 1601 qvi
1477 1518 1753 1584 alterum
1814 1525 1951 1585 tam
2003 1518 2351 1585 ditionibus
2398 1525 2466 1585 et
2504 1520 2801 1603 potentia
2863 1540 3052 1602 qvam

485 1625 710 1689 amicis
780 1629 847 1688 et
907 1623 1143 1688 viribus
1209 1623 1577 1689 inferiorem
1638 1645 1908 1709 regnum
1971 1625 2095 1692 sibi
2148 1625 2464 1709 vectigale
2530 1630 2598 1691 et
2648 1624 3050 1692 tributarium

481 1734 787 1800 invadere
840 1731 1099 1814 patitur,
1158 1751 1364 1813 neqve
1423 1736 1650 1796 contra
1695 1752 1843 1797 eum
1884 1733 2139 1799 hiscere
2158 1784 2173 1813 ,
2232 1732 2470 1798 nedum
2514 1732 2597 1797 de
2637 1732 2810 1798 bello
2855 1734 2917 1798 ei
2956 1734 3051 1798 in-

483 1840 750 1906 ferendo
818 1844 885 1903 et
945 1835 1178 1901 finibus
1246 1837 1376 1900 suis
1447 1838 1732 1903 arcendo
1796 1840 2082 1922 cogitare
2128 1837 2343 1905 audet.
2428 1837 2569 1904 Rex
2609 1837 2935 1904 Haraldus
2979 1858 3051 1903 se

480 1947 695 2012 notari
733 1945 1096 2026 intelligens
1150 1944 1260 2009 diu
1304 1944 1642 2024 conticuit,
1689 1950 1757 2010 et
1797 1945 2064 2011 tandem
2108 1947 2201 2011 sic
2246 1965 2433 2011 orsus
2467 1950 2596 2011 est:
2666 1944 3047 2011 Rationibus

483 2053 759 2136 undiqve
822 2050 1160 2134 perpensis
1228 2055 1294 2115 et
1357 2051 1765 2131 examinatis,
1827 2052 1987 2116 nihil
2047 2057 2294 2118 temere
2356 2058 2424 2118 te
2489 2051 2730 2117 dixisse
2786 2051 3054 2137 jamjam

487 2160 867 2243 comperior.
955 2156 1102 2222 Scio
1159 2159 1330 2222 enim
1371 2157 1729 2223 Haraldum
1773 2157 2037 2224 Grafeld
2079 2179 2347 2241 regnum
2387 2159 2819 2242 Norvagicum
2861 2179 3051 2224 occu-

483 2286 672 2350 pare,
742 2263 908 2350 qvod
971 2270 1193 2329 tamen
1255 2269 1479 2330 nostro
1537 2264 1695 2356 jugo
1764 2266 2007 2349 optimo
2066 2264 2211 2348 jure
2277 2265 2447 2330 colla
2497 2265 2792 2347 praebere
2838 2264 3049 2331 debet.

487 2371 616 2438 Sed
680 2373 751 2438 in
816 2372 1055 2438 intimis
1119 2378 1186 2435 te
1249 2376 1553 2455 reputare
1618 2392 1751 2436 non
1806 2377 2057 2453 potero,
2101 2391 2222 2437 nec
2241 2373 2269 2411 ⁸
2330 2371 2641 2454 sapientis
2669 2356 2752 2437 ¹te
2794 2372 3050 2437 nomine

488 2478 818 2563 dignabor,
881 2477 1008 2542 nisi
1072 2477 1407 2542 consilium
1471 2477 1755 2561 aliqvod,
1821 2499 1945 2560 qva
1994 2478 2245 2543 ratione
2288 2498 2503 2544 meum
2538 2477 2645 2561 jus
2689 2498 3052 2561 perseqvar,

488 2590 554 2653 et
597 2585 679 2650 de
721 2582 1010 2650 Haraldo
1036 2582 1303 2649 Grafeld
1346 2582 1572 2667 dignas
1615 2603 1865 2666 poenas
1912 2604 2190 2666 sumam,
2238 2585 2732 2667 excogitaveris,
2776 2584 3053 2668 mihiqve

490 2692 1080 2759 communicaveris.
1168 2689 1517 2761 Consilium
1559 2710 1802 2769 meum,
1847 2691 2050 2773 inqvit
2080 2690 2442 2774 Haqvinus,
2487 2691 2714 2773 paucis
2746 2691 3051 2773 aperiam.

490 2798 1047 2864 consultissimum
1103 2795 1396 2876 arbitror,
1460 2801 1527 2860 te
1582 2794 1836 2877 legatos
1879 2797 1948 2861 in
1988 2797 2400 2880 Norvagiam·
2419 2797 2706 2876 mittere,
2772 2798 2875 2879 qvi
2916 2796 3051 2862 Ha·

487 2904 738 2970 raldum
784 2902 1051 2968 Grafeld
1092 2903 1160 2966 in
1201 2902 1482 2966 Daniam
1521 2902 1898 2985 injuriarum
1942 2909 2008 2969 et
2047 2903 2282 2984 litium,
2329 2923 2465 2987 qvae
2505 2903 2646 2985 jam
2688 2902 2926 2968 dudum
2955 2903 3051 2967 in-

487 3018 590 3077 ter
650 3031 765 3074 vos
828 3010 1363 3086 intercesserunt,
1430 3008 2024 3090 componendarum
2089 3014 2156 3073 et
2208 3015 2369 3075 ratae
2415 3010 2714 3073 amicitiae
2757 3007 3053 3073 ineundae

492 3118 705 3199 gratia
743 3136 876 3179 non
922 3132 1158 3195 magno
1197 3117 1418 3176 tamen
1462 3114 1774 3178 comitatu
1815 3115 1943 3178 tuis
1996 3114 2207 3181 verbis
2251 3117 2548 3194 invitent,
2605 3120 2673 3180 et
2716 3112 3050 3179 Gunnildae

489 3223 782 3305 Reginae,
849 3226 916 3284 te
958 3218 1217 3300 nuptias
1295 3218 1432 3308 ejus
1498 3218 1773 3299 ambire,
1826 3204 2291 3303 persvadeant3
2358 3220 2630 3304 conjicio
2698 3220 2868 3285 enim
2911 3240 3056 3285 eam

489 3328 687 3394 filium
732 3327 818 3392 ad
861 3324 1181 3390 eundum4
1223 3325 1427 3406 magis
1463 3325 2033 3390 exstimulaturam.
2093 3327 2231 3410 Ego
2272 3333 2489 3392 autem
2513 3333 2579 3390 et
2601 3325 3054 3390 Gullharaldus

489 3434 823 3500 machinas
886 3431 1155 3496 bellicas
1225 3435 1289 3494 et
1351 3430 1653 3495 militaria
1706 3432 2131 3497 instrumenta
2188 3439 2576 3516 caeteraqve‚
2623 3431 2845 3515 qvibus
2892 3452 3053 3515 opus

489 3541 705 3621 fuerit,
770 3542 1020 3604 interea
1061 3536 1463 3619 parabimus,
1529 3542 1602 3601 ut
1643 3538 1906 3603 venient
1915 3559 2017 3603 em
2058 3539 2304 3623 Regem
2345 3538 2703 3605 Haraldum
2756 3539 3054 3621 excipere

489 3649 843 3731 possimuS,
909 3664 1096 3726 qvem
1159 3643 1214 3706 si
1284 3641 1524 3725 absqve
1582 3643 1708 3706 tuis
1778 3646 1980 3728 copiis
2040 3650 2105 3710 et
2160 3645 2466 3729 suffragio
2512 3645 3055 3729 oppresserimus,

488 3753 876 3836 Norvagiam
916 3751 1086 3814 inter
1125 3769 1246 3812 nos
1289 3749 1622 3831 partiaris,
1666 3749 1851 3831 volo;
1894 3772 2048 3816 nam
2083 3752 2245 3835 juris
2292 3752 2594 3836 qviddam
2636 3754 2704 3817 in
2736 3772 2884 3816 eam
2902 3769 3057 3833 pos-

490 3860 700 3926 sidere
761 3859 919 3924 mihi
959 3854 1199 3919 videor.
1290 3855 1473 3932 Qvod
1517 3856 1571 3919 si
1614 3854 1878 3938 feceriss,
1923 3859 2049 3924 tuis
2093 3857 2290 3924 rebus
2337 3859 2577 3942 optime
2637 3857 3056 3923 consulueris.

490 3966 651 4032 Tum
703 3964 1029 4032 Haraldus
1071 3963 1237 4028 Rex:
1286 3960 1773 4044 SapientissMe
1833 3968 1908 4029 tu-
1959 3963 2213 4047 qvidem
2254 3985 2403 4030 mea
2446 3963 2769 4029 sententia
2812 3963 3057 4045 dixisti,

492 4073 548 4138 si
589 4074 730 4138 haec
775 4071 1005 4138 faustis
1052 4068 1274 4135 avibus
1321 4068 1689 4150 contigerit3
1735 4089 1925 4151 qvam
1968 4076 2187 4136 autem
2229 4070 2579 4155 reportabo
2625 4091 2666 4135 a
2694 4068 2875 4134 vobis
2912 4090 3058 4153 gra-

488 4179 676 4259 tiam,
745 4181 800 4243 si
840 4177 1024 4243 vobis
1067 4177 1194 4241 hoc
1238 4176 1306 4239 in
1348 4174 1606 4256 negotio
1651 4193 1901 4241 morem
1944 4197 2228 4260 gessem,
2274 4177 2606 4260 Haqvine‘?
2691 4176 2906 4256 Bona,
2960 4177 3059 4240 in-

491 4285 649 4368 qvit,
713 4284 841 4348 fide
910 4282 1215 4366 promitto
1278 4277 1611 4361 Norvagos
1671 4283 2009 4361 qvotannis
2052 4282 2171 4348 tibi
2211 4284 2554 4367 vectigalia
2598 4282 2921 4348 soluturos
2941 4333 2956 4363 ,
3003 4283 3062 4347 si

567 4510 585 4541 ¹
622 4509 707 4562 59.
746 4510 795 4560 4.
832 4504 1102 4559 udelader
1138 4503 1300 4574 „me“.
1441 4508 1468 4538 ²
1503 4504 1832 4573 qvidqvam,
1870 4506 2018 4558 1778.
2055 4506 2104 4558 4.

562 4623 586 4654 ⁸
621 4619 750 4688 „ne“
789 4621 871 4673 59.
929 4620 977 4672 4.
1065 4620 1091 4651 ⁴
1127 4617 1316 4687 Begge
1350 4617 1528 4673 Afskr.
1564 4618 1667 4673 har
1703 4616 2025 4686 „eundem“.
