3350 5234
1530 346 1611 412 19

281 516 490 576 restre
538 513 1010 577 commiserunt.
1116 514 1371 578 Etenim
1412 515 1480 579 in
1524 516 1788 597 singulis
1835 515 2236 580 conflictibus
2280 515 2432 598 fuga
2473 516 2653 582 facta
2693 520 2837 584 vitae

284 636 419 680 suae
477 619 951 684 consuluerunt.
1039 619 1260 685 Caesar
1307 641 1459 685 vero
1506 626 1573 685 et
1616 621 1815 686 Olaus
1859 610 2084 685 Daniae
2142 622 2369 685 incolis
2413 623 2643 687 harum
2686 645 2839 689 con-

287 719 602 786 ditionum
667 723 936 788 alteram
1003 725 1365 807 eligendam
1426 730 1926 809 proposuerunt,
1990 731 2064 790 ut
2127 731 2239 790 aut
2299 749 2431 792 una
2485 749 2631 792 cum
2671 750 2838 811 pace

286 826 541 892 Christo
603 831 865 895 nomina
929 831 1184 911 darent,
1245 836 1356 895 aut
1410 833 1605 896 etiam
1657 833 1725 895 in
1777 833 1906 895 ista
1970 833 2265 896 caecitate
2307 833 2505 896 vitam
2564 833 2837 898 finirent.

287 932 559 1010 Qvidam
613 954 693 997 ex
744 935 846 999 his
892 935 1134 1000 Caesari
1174 936 1472 1023 lubenter
1511 958 1760 1001 morem
1805 936 2168 1018 gesserunt,
2215 939 2323 1002 alii
2363 942 2514 1004 vero
2560 939 2644 1003 ad
2689 960 2838 1022 sup-

281 1039 544 1120 plicium
583 1042 779 1105 tracti
818 1043 1054 1106 misero
1101 1044 1275 1108 exitu
1314 1045 1510 1107 vitam
1556 1043 1943 1109 clauserunt.
2011 1042 2232 1107 Caesar
2273 1045 2508 1126 itaqve‚
2553 1046 2836 1109 maxima

282 1144 508 1210 Daniae
552 1152 737 1227 parte
780 1154 1148 1230 pervagata,
1192 1149 1566 1231 religionem
1591 1148 2024 1214 Christianam
2068 1149 2353 1214 studiose
2396 1150 2834 1232 promovebat.

285 1249 568 1332 Cumqve
614 1273 759 1316 eam
801 1253 1049 1334 cupidis
1096 1255 1322 1318 animis
1368 1254 1748 1337 plerosqve¹
1796 1254 2127 1337 amplecti,
2182 1255 2520 1337 pluresqve
2567 1255 2836 1320 Caesari-

288 1357 497 1419 anas²
552 1362 773 1438 partes
830 1379 1018 1440 qvam
1072 1379 1223 1424 suas
1263 1359 1480 1424 fovere
1523 1360 1955 1442 intelligerent
1996 1359 2321 1424 Haraldus
2366 1367 2432 1424 et
2473 1360 2800 1443 Haqvinus
2817 1411 2831 1440 ‚

281 1460 351 1524 id
399 1461 609 1526 solum
652 1462 774 1527 sibi
819 1465 1066 1528 consilii
1109 1466 1402 1530 relictum
1444 1465 1766 1544 viderunt,
1820 1470 1892 1530 ut
1958 1465 2201 1530 Caesari
2245 1486 2316 1529 se
2391 1466 2838 1530 submitterent

282 1572 348 1631 et
392 1566 588 1632 fidem
632 1569 1060 1635 Christianam
1103 1571 1406 1636 subirent.
1491 1571 1716 1654 Itaqve
1758 1572 1974 1652 missis
2010 1570 2094 1636 ad
2126 1592 2273 1635 eum
2299 1572 2559 1654 legatiS‚
2602 1592 2836 1654 pacem

282 1670 542 1755 ejusqve
589 1677 935 1740 amicitiam
978 1678 1352 1759 suppliciter
1391 1682 1634 1761 petunt,
1683 1675 1905 1759 qvibus
1947 1677 2054 1741 ille
2098 1677 2452 1743 liberaliter
2482 1678 2836 1760 respondit,

276 1798 633 1862 pacemqve
691 1802 761 1847 se
807 1783 900 1845 eis
942 1783 1197 1847 minime
1245 1783 1737 1864 denegaturum,
1794 1783 1849 1846 si
1894 1803 2040 1847 cum
2081 1782 2292 1848 verbis
2335 1805 2516 1848 mens
2564 1804 2834 1848 consen-

275 1887 443 1963 tiret,
492 1888 854 1969 spopondit.
939 1888 1209 1970 Insuper
1251 1889 1419 1953 diem
1465 1894 1529 1953 et
1571 1889 1789 1954 locum
1835 1890 2175 1953 conventui
2197 1891 2223 1928 ³
2290 1890 2499 1954 dixit.4
2596 1889 2833 1967 Qvibus

280 1994 572 2075 acceptis
632 1995 900 2074 nunciiS,
945 1994 1267 2059 Haraldus
1335 2000 1400 2059 et
1461 1994 1791 2076 Haqvinus
1853 1993 1939 2059 ad
1979 1996 2411 2077 praestitutum
2452 1998 2668 2060 locum
2711 1997 2835 2061 iter

274 2097 523 2163 faciunt
537 2101 582 2178 ⁵,
636 2099 845 2182 ibiqve
903 2099 1224 2164 Caesarem
1270 2120 1416 2163 cum
1461 2100 1622 2164 Olao
1670 2101 2072 2164 conveniunt.
2132 2100 2298 2165 mud
2337 2101 2444 2165 hic
2492 2101 2699 2166 obiter
2738 2103 2833 2166 in-

277 2223 494 2269 serere
558 2205 715 2269 libet
735 2208 779 2286 ⁶,
851 2210 1231 2270 conventum
1281 2207 1350 2269 in
1412 2206 1624 2270 Dania
1685 2206 2182 2288 freqventiorem
2246 2228 2568 2289 nunqvam
2608 2209 2830 2274 fuisse.

273 2310 434 2374 Erat
499 2310 567 2374 id
628 2313 935 2394 temporis
993 2334 1138 2376 cum
1199 2311 1455 2376 Caesare
1529 2313 1872 2394 episcopus
1929 2312 2209 2393 qvidam,
2282 2315 2535 2378 nomine
2577 2314 2834 2397 Popp03

273 2416 378 2481 hic
430 2420 794 2501 praecipuos
836 2418 986 2483 fidei
1030 2419 1332 2483 articulos
1379 2424 1443 2481 et
1473 2417 1810 2497 miracula,
1859 2438 1994 2500 qvae
2035 2417 2120 2481 ad
2163 2417 2614 2483 stabiliendam
2649 2440 2833 2483 suam

275 2521 638 2588 doctrinam
695 2525 871 2589 Deus
917 2525 1224 2604 ediderat,
1269 2523 1596 2588 luculenta
1657 2530 1722 2587 et
1765 2525 2113 2606 perspicua
2158 2525 2449 2589 oratione
2491 2524 2829 2590 recitabat.

256 2628 411 2692 ‘Rex
475 2634 689 2694 autem
731 2630 1052 2695 Haraldus
1120 2652 1160 2695 a
1213 2635 1487 2713 paterna
1552 2630 2009 2694 consvetudine
2066 2630 2256 2695 nudis
2310 2629 2521 2694 verbis
2588 2650 2660 2695 se
2702 2650 2833 2694 non

273 2754 473 2816 posse
537 2735 725 2800 facile
797 2737 1030 2801 deduci
1074 2737 1317 2819 ajebat,
1383 2737 1507 2801 nisi
1551 2736 1829 2800 evidenti
1875 2736 2084 2818 aliqvo
2132 2741 2507 2818 argumento
2555 2735 2831 2801 Caesaris

273 2840 649 2923 religionem
703 2862 822 2907 sua
874 2843 1190 2925 potiorem
1236 2863 1380 2906 esse
1427 2841 1883 2906 declararetur.
1973 2841 2135 2905 Tum
2177 2841 2402 2923 Poppo
2445 2847 2830 2924 percuncta-

272 2950 377 3010 tus
424 2952 542 3026 est,
589 2969 673 3011 an
712 2949 969 3012 monitis
1015 2950 1145 3012 suis
1192 2948 1558 3012 obsecuturi
1604 2952 1850 3026 essent,
1897 2947 1953 3010 si
2007 2946 2091 3011 ad
2121 2947 2454 3011 candentis
2498 2947 2650 3012 ferri
2691 2954 2831 3012 tac-

276 3057 412 3116 tum
456 3073 717 3117 manum
772 3052 907 3136 ejus
951 3054 1221 3118 illaesam
1268 3055 1737 3137 conspicerent.
1849 3052 2088 3130 Qvibus
2132 3073 2261 3117 uno
2308 3074 2416 3117 ore
2464 3053 2829 3119 acclaman-

275 3157 469 3236 tibus,
513 3158 738 3241 Poppo
782 3159 957 3224 nuda
997 3154 1193 3224 manu
1233 3159 1472 3224 ferrum
1520 3159 1805 3223 candens
1853 3158 2295 3241 apprehendit,
2343 3180 2555 3243 eoqve,
2589 3160 2673 3223 ad
2714 3162 2829 3224 mi-

274 3263 564 3328 raculum
606 3285 800 3346 usqve
845 3266 1276 3347 spectantium
1317 3271 1593 3350 retento,
1634 3266 1908 3330 illaesam
1948 3265 2084 3346 regi
2126 3286 2385 3329 manum
2430 3266 2831 3347 conspicien-

279 3369 428 3435 dam
470 3371 761 3453 praebuit.
1699 3390 1704 3395 ·

585 3476 719 3555 Qvo
771 3477 907 3541 viso
949 3477 1278 3557 miraculo,
1322 3476 1666 3555 HaraldUS,
1714 3475 2043 3559 abjnratss,
2091 3496 2245 3558 qvos
2289 3477 2465 3559 prius
2513 3476 2830 3558 coluerat,

279 3582 414 3662 diis,
460 3603 650 3647 sacro
692 3582 1083 3665 baptismate
1129 3603 1199 3646 se
1245 3602 1519 3664 suosqve
1561 3582 1799 3645 initiari
1844 3582 2055 3646 animo
2096 3582 2577 3648 lubentissimo⁷
2619 3584 2827 3666 patie-

275 3688 482 3754 batur.
570 3687 899 3771 Haqvinus
946 3689 1141 3752 etiam
1186 3710 1330 3752 cum
1375 3688 1533 3767 suiS,
1586 3687 1741 3752 licet
1782 3689 2041 3770 invitm,
2103 3690 2189 3754 ad
2240 3688 2632 3772 baptismum
2675 3689 2830 3754 ada-

279 3802 419 3861 ctus
478 3802 596 3860 est.
695 3793 813 3858 His
857 3795 1082 3876 gestiS‚
1150 3794 1431 3858 convivio
1477 3793 1816 3876 magnifico
1864 3794 2211 3876 celebratO,
2277 3796 2623 3861 amicitiam
2663 3795 2833 3859 inter

278 3923 347 3967 se
394 3902 615 3968 Caesar
652 3900 910 3982 Rexqve
953 3899 1276 3965 Haraldus
1324 3900 1782 3982 conglutinant.
1821 3984 1832 3993 ·
1870 3900 2200 3985 Haqvinus
2244 3923 2396 3967 vero
2439 3903 2507 3965 in
2548 3901 2828 3984 patriam

276 4009 582 4075 reditum⁸
624 4026 884 4090 param,
939 4024 1158 4070 veram
1217 4006 1592 4088 religionem
1648 4007 1803 4071 totis
1847 4007 2081 4073 viribus
2124 4010 2191 4073 in
2232 4008 2555 4089 Norvagia
2598 4027 2668 4071 se
2710 4028 2829 4090 pu-

275 4114 659 4180 blicaturum
687 4115 714 4153 ⁹
769 4110 1185 4196 jurejurando
1239 4112 1512 4195 recepit,
1576 4113 1643 4177 in
1699 4112 1879 4196 cujus
1935 4113 2030 4177 rei
2080 4111 2533 4178 firmitudinem
2599 4133 2744 4177 cum
2789 4135 2830 4179 a

280 4219 534 4285 Caesare
579 4218 956 4284 sacerdotes
1003 4218 1240 4301 aliqvot
1285 4219 1681 4303 accepisset,
1726 4221 1890 4285 mari
1934 4240 2004 4285 se
2051 4218 2341 4284 credidit.

351 4395 366 4426 ¹
403 4393 715 4462 pluresqve‚
756 4395 902 4447 1778.
1043 4395 1069 4426 ²
1104 4391 1470 4459 Caesareanae,
1506 4393 1588 4446 59.
1734 4396 1757 4427 ⁸
1792 4395 2114 4462 conventus,
2154 4394 2300 4448 1778.

344 4485 371 4517 ⁴
403 4483 431 4536 I
472 4487 603 4540 1778
636 4483 927 4554 begynder
959 4482 1063 4537 her
1098 4498 1172 4536 en
1205 4499 1283 4552 ny
1314 4480 1491 4550 Linje.

350 4578 372 4609 ⁶
405 4574 762 4630 interfaoiunt
795 4575 814 4628 i
853 4578 908 4629 et
945 4573 1062 4642 ord,
1105 4576 1250 4627 1778.
1397 4575 1418 4606 ⁶
1451 4572 1599 4641 licet,
1639 4578 1786 4631 1778.
1929 4580 1953 4611 ⁷
1987 4577 2081 4630 59:
2117 4573 2500 4631 libentissimo,

348 4670 371 4701 θ
409 4670 564 4723 1778:
600 4668 824 4722 reditus.
969 4669 992 4699 ⁹
1030 4666 1188 4720 1778:
1236 4664 1648 4735 publicaturum
1686 4683 1756 4722 se.
2123 4685 2128 4689 ·
