3350 5234
1519 342 1602 406 23

1342 511 1532 568 oAP.
1575 513 1774 569 XIII.

1078 654 1177 720 Pa
1185 655 1453 722 lmatoko
1506 626 1788 722 uxorem*
1810 659 2051 737 accepit.

1472 777 1642 788 ——

579 843 775 908 Hisce
841 842 1242 926 temporibus
1307 844 1480 910 Baro
1547 846 1804 929 qvidam
1867 845 2257 923 StemneruS,
2315 844 2417 907 cui
2472 841 2603 907 filia
2648 836 2831 906 Oliva

271 953 593 1033 spectatae
657 948 998 1033 probitatis
1064 954 1131 1013 et
1174 951 1508 1033 sapientiae
1555 958 1621 1017 et
1663 952 2157 1034 elegantissimae
2207 950 2428 1013 formae
2475 949 2648 1030 virgo
2692 947 2828 1027 fuit,

270 1053 839 1120 administrabat.¹
930 1054 1066 1133 Qvo
1141 1075 1288 1119 cum
1352 1041 1691 1139 aliqvando
1754 1055 2134 1122 Palmatoko
2198 1056 2259 1119 vi
2311 1055 2718 1136 tempestatis
2765 1059 2831 1117 et

266 1159 583 1225 fluctuum
645 1158 937 1242 dejectus
1002 1167 1195 1240 esset,
1260 1162 1634 1245 praedonem
1690 1183 1881 1244 agere
1936 1168 2001 1227 et
2048 1162 2377 1244 regionem
2446 1158 2828 1241 depopulari

269 1267 566 1330 instituit.
675 1264 859 1330 Oliva
920 1285 1070 1329 vero
1140 1267 1222 1331 de
1284 1268 1763 1333 Palmatokonis
1824 1269 2158 1351 proposito
2227 1266 2462 1329 certior
2523 1264 2700 1328 facta
2762 1264 2829 1327 id

276 1373 455 1454 cepit
501 1371 770 1450 consilii,
814 1376 902 1450 ut,
970 1391 1048 1435 eo
1094 1373 1181 1436 ad
1224 1374 1575 1439 convivium
1615 1375 1900 1453 invitato,
1957 1372 2100 1451 hac,
2157 1373 2212 1435 si
2253 1370 2394 1434 fieri
2435 1374 2681 1452 posset,
2723 1389 2826 1432 ra-

274 1479 451 1543 tione
519 1477 781 1541 hostilia
845 1497 1027 1541 arma
1084 1499 1125 1542 a
1187 1480 1413 1561 patriae
1461 1478 1693 1543 finibus
1749 1484 2019 1544 arceret.
2105 1476 2165 1540 N
2168 1497 2242 1540 ec
2301 1495 2417 1557 spe
2473 1496 2618 1543 sua,
2652 1476 2826 1556 virgo

267 1583 694 1648 solertissima
734 1581 1044 1647 frustrata
1107 1589 1226 1648 est.
1331 1583 1793 1650 Palmatokus²
1837 1586 2001 1649 enim
2069 1584 2324 1665 virginis
2392 1587 2458 1646 et
2498 1581 2823 1645 modestia

273 1694 340 1753 et
382 1689 685 1771 sapientiv
704 1689 962 1753 invento
1015 1695 1345 1772 permotus
1400 1712 1530 1755 non
1571 1690 1766 1754 modo
1801 1689 2316 1755 benevolentiam
2358 1687 2824 1767 benevolentia,

273 1793 356 1858 ab
419 1793 764 1859 hostilibus
817 1794 1290 1860 incursionibus
1347 1794 1749 1875 abstinend0‚
1792 1796 2325 1877 recompensavit,
2371 1815 2588 1859 verum
2633 1794 2826 1857 etiam

270 1904 620 1981 parentum
684 1921 1005 1966 consensu
1047 1922 1193 1966 eam
1237 1900 1359 1966 sibi
1409 1922 1676 1966 uxorem
1718 1902 2006 1967 adscivit.
2094 1901 2373 1982 Cumqve
2419 1901 2569 1964 anni
2612 1900 2823 1982 spatio

265 2005 334 2069 in
375 2004 755 2070 Bretlandia
797 2007 1222 2083 consedisset,
1268 2012 1604 2089 assumpta
1648 2028 1870 2072 secum
1914 2007 2203 2090 conjuge,
2243 2008 2311 2070 in
2353 2005 2644 2070 Fioniam
2685 2026 2825 2068 rur-

273 2131 385 2175 sus
429 2111 579 2175 vela
622 2110 819 2176 dedit.
905 2112 1174 2194 Jamqve
1219 2133 1365 2177 eam
1409 2112 1581 2196 apud
1625 2132 1847 2176 omnes
1892 2112 2140 2177 bellicae
2183 2111 2392 2177 laudis
2433 2111 2823 2193 aliarumqve

267 2218 574 2281 virtutum
638 2217 1005 2300 opinionem
1070 2223 1457 2284 consecutus
1516 2222 1673 2297 erat,
1739 2224 1809 2282 ut
1870 2218 2058 2282 nullis
2113 2238 2244 2282 non
2286 2218 2352 2281 in
2395 2218 2624 2296 Dania,
2669 2217 2824 2282 licet

266 2322 489 2404 magni
551 2323 827 2387 nominis
892 2324 1060 2404 viris,
1118 2329 1255 2388 tam
1298 2322 1564 2388 solertia
1606 2344 1795 2405 qvam
1836 2322 2205 2388 fortitudine
2250 2321 2689 2405 praeferendus
2733 2325 2823 2387 vi-

269 2429 555 2494 deretur.

1336 2721 1526 2782 oAP.
1572 2721 1759 2781 XIV.

514 2863 813 2932 Haraldo
854 2866 1033 2949 fillius
1073 2868 1373 2946 nasa-im,
1419 2887 1592 2949 qvem
1633 2875 1837 2934 tamen
1876 2889 2062 2935 swam
2101 2888 2230 2934 non
2275 2868 2578 2950 aynoscit.

576 3072 715 3137 Rex
756 3073 1081 3140 Haraldus
1124 3073 1344 3157 (prout
1383 3077 1535 3137 tunc
1577 3076 1887 3159 temporis
1929 3074 2187 3159 regibus
2231 3075 2297 3139 in
2339 3096 2519 3141 more
2541 3076 2823 3158 positum

265 3178 412 3262 fuit)
483 3180 785 3244 conviviis
851 3179 1234 3264 saepiuscule
1297 3179 1485 3243 nullis
1537 3182 1811 3263 negotiis
1861 3180 2206 3264 impeditus
2251 3182 2551 3247 interfuit.
2657 3183 2823 3247 Eum

264 3286 333 3350 in
373 3285 672 3349 Fioniam
725 3286 1087 3352 venientem
1137 3284 1515 3350 Palmatoko
1568 3287 1927 3351 lautissimo
1988 3288 2272 3351 convivio
2319 3289 2588 3369 excepit,
2635 3289 2822 3370 virgi-

264 3411 541 3473 nemqve
587 3391 896 3456 tenuioris
939 3392 1231 3470 fortunae,
1289 3395 1573 3456 attamen
1618 3394 2114 3475 speciosissimae
2163 3391 2385 3456 formae
2431 3391 2821 3457 Samaesam³

262 3497 543 3576 nomine,
590 3516 725 3580 qvae
768 3496 1010 3562 lectum
1049 3497 1186 3579 regi
1229 3502 1546 3562 sterneret
1589 3498 1837 3580 aliaqve
1878 3499 2097 3562 munia
2136 3497 2273 3579 regi
2318 3496 2538 3562 debita
2597 3497 2819 3579 obiret,

263 3603 329 3667 in
376 3602 671 3667 conclavi
712 3603 890 3685 regio
937 3602 1285 3668 constituit.
1371 3602 1676 3669 Vertente
1722 3602 1950 3686 hyeme
1996 3603 2349 3669 Samaesam
2379 3610 2631 3669 uterum
2653 3604 2819 3670 ferre

261 3707 645 3774 Palmatoko
714 3708 1247 3791 animadvertens,
1313 3729 1458 3773 cum
1524 3729 1644 3793 qvo
1712 3710 2164 3790 consvevisset‚
2219 3710 2591 3793 interrogat.
2700 3710 2821 3777 Illa

261 3833 401 3879 rem
446 3832 704 3879 omnem
755 3814 936 3881 fassa
976 3813 1330 3883 Har-aldum
1381 3815 1624 3900 Regem
1667 3817 1799 3882 suis
1855 3818 2130 3901 potitum
2179 3836 2325 3882 esse
2372 3817 2810 3899 complexibus

240 3918 654 4002 affirmabat,
722 3923 1096 4007 peperitqve
1161 3942 1294 3988 non
1347 3922 1545 3990 multo
1589 3927 1742 4008 post
1783 3944 2071 4008 puerum,
2119 3924 2221 3991 cui
2262 3943 2502 3990 nomen
2544 3921 2821 3991 Svenoni

264 4026 541 4094 inditum
584 4031 703 4093 est.
1304 4056 1309 4061 ¹

563 4130 811 4199 Pon-0⁴
852 4132 1124 4200 triennio
1181 4139 1429 4218 exact0‚
1487 4157 1633 4203 cum
1688 4133 1773 4204 ad
1825 4135 2356 4204 Palmatokonem
2416 4132 2553 4219 regi
2611 4131 2832 4234 diver--

260 4232 529 4305 tendum
573 4245 766 4322 esset,
809 4240 910 4306 his
956 4238 1309 4309 Sameesam
1337 4243 1568 4326 verbis,
1613 4244 1837 4327 qvibus
1860 4266 2079 4330 regem
2110 4241 2485 4326 adoriretur,
2525 4246 2814 4312 armavit,

337 4382 355 4418 ¹
392 4381 510 4437 Her
542 4379 797 4450 mangler
828 4379 849 4434 i
882 4380 1065 4451 begge
1099 4376 1282 4440 Afskr.
1317 4381 1510 4454 Rigets
1543 4381 1722 4452 Navn,
1755 4383 2149 4443 Bretlandiam.
2221 4384 2299 4443 Of.
2335 4385 2455 4441 Fm.
2495 4384 2547 4441 S.
2583 4386 2661 4441 XI
2696 4389 2776 4444 50.

332 4470 357 4510 '²
391 4472 585 4544 Begge
621 4468 824 4527 Afslm
859 4469 1226 4528 Palmatokus.

333 4566 356 4602 ⁸
390 4566 491 4623 59:
530 4562 872 4621 Sam-sesam.

329 4657 356 4692 ⁴
395 4657 532 4713 17⁷8
567 4652 672 4709 har
705 4650 835 4709 ikke
866 4650 1193 4712 Liuiebrud.
