3350 5234
1522 373 1602 439 15

586 544 685 607 De
731 540 1028 608 Caesaris'
1053 542 1309 608 Ottonis
1357 541 1634 606 adventu
1679 540 1988 604 certiores
2040 539 2199 605 facti
2241 539 2564 606 Haraldus
2614 548 2680 607 et
2710 542 2844 607 Ha-

288 649 515 731 qvinus
581 648 795 713 navali
861 668 1007 713 eum
1052 649 1316 731 ‘proelio
1383 650 1791 730 exceperunt.
1898 644 2123 727 Pugna
2168 648 2484 712 acerrima
2540 647 2727 713 simul
2780 653 2846 713 et

279 754 660 836 gravissima
713 754 924 834 initur,
990 754 1325 819 caeduntur
1366 773 1446 818 ex
1484 757 1753 832 utraqve
1796 755 1982 832 parte
2024 751 2304 834 plurimi,
2368 753 2584 835 plures
2630 759 2846 819 autem

281 880 323 923 a
367 859 753 924 Caesarianis
795 858 1088 943 partibus
1134 880 1307 944 orco·
1335 858 1586 924 dantur.
1673 855 1797 920 Hic
1846 856 1966 921 fuit
1995 859 2185 939 primi
2217 860 2584 924 certaminis
2616 861 2843 924 exitus.

280 965 520 1031 Triduo
579 965 804 1049 elapso
874 967 1193 1049 reparatis
1255 964 1493 1031 viribus
1549 962 1841 1028 terrestri
1888 963 2135 1044 proelio
2180 963 2538 1029 Haraldum
2601 965 2845 1047 Regem

281 1070 614 1136 lacessivit
681 1071 918 1152 Caesar,
984 1070 1103 1136 sed
1163 1071 1488 1136 fortunam
1559 1072 1857 1151 expertus
1930 1073 2031 1132 est
2091 1069 2280 1152 longe
2348 1070 2782 1135 adversiorem
2801 1074 2842 1134 ¹.

283 1175 579 1240 Plurimis
626 1178 796 1242 enim
844 1177 1099 1242 amissis
1144 1179 1369 1257 sociis,
1412 1176 1566 1258 fuga
1606 1176 1752 1239 vitae
1799 1175 2133 1263 consulere
2167 1180 2234 1240 et
2258 1175 2341 1240 ad
2375 1196 2570 1241 naves
2594 1197 2843 1240 summo

286 1301 433 1346 cum
477 1281 842 1348 discrimine
889 1303 960 1360 se
1002 1285 1295 1366 recipere
1341 1280 1713 1363 cogebatur.
1799 1280 2021 1363 Itaqve
2065 1281 2308 1362 ingenti
2350 1282 2450 1345 ira
2492 1282 2575 1346 ob
2616 1303 2844 1347 recen-

283 1391 420 1453 tem
487 1388 740 1454 cladem
804 1391 1089 1472 percitus
1137 1389 1502 1473 juramento
1556 1387 1836 1450 minatus
1881 1392 2009 1466 est,
2068 1407 2140 1451 se
2184 1386 2411 1470 (modo
2454 1386 2666 1451 redire
2709 1387 2848 1452 fata
2885 1374 2889 1379 ’

285 1495 572 1558 sinerent
582 1493 645 1575 2)
691 1500 804 1559 aut
846 1495 932 1559 ad
972 1494 1167 1560 fidem
1201 1494 1631 1559 Christianam
1670 1493 1894 1557 Danos
1941 1493 2345 1573 adacturum,
2392 1499 2504 1559 aut
2544 1492 2714 1560 bello
2757 1495 2846 1558 vi-

283 1604 420 1664 tam
478 1599 819 1664 finiturum.
947 1601 1052 1666 Ita
1111 1602 1313 1666 tristis
1379 1605 1446 1664 et
1509 1597 2026 1682 indignabundus
2083 1599 2151 1662 in
2199 1619 2467 1681 regnum
2518 1601 2847 1682 proprium

287 1725 525 1788 magna
571 1705 757 1771 clade
802 1704 1074 1771 affectus
1122 1727 1380 1771 cursum
1422 1705 1717 1770 instituit.

574 1811 921 1894 Haqvinus
982 1813 1234 1878 interea
1289 1813 1356 1877 in
1414 1810 1562 1877 aula
1602 1811 1799 1894 Regis
1841 1809 2112 1876 Haraldi
2157 1816 2589 1875 commoratus
2636 1810 2847 1876 consi-

285 1916 442 1981 lium
493 1914 574 1981 de
617 1917 991 1983 instruendo
1035 1918 1222 1983 Vallo
1256 1918 1507 1985 Danico
1555 1917 1761 1997 dedit,
1808 1917 1989 2000 cujus
2022 1914 2297 1981 formam
2336 1915 2504 1982 infra
2548 1915 2847 1999 subjicie-

286 2043 450 2087 mus·
538 2022 744 2089 Multa
787 2025 982 2088 etiam
1026 2022 1144 2088 sub
1191 2043 1373 2088 suum
1419 2045 1454 2089 e
1497 2024 1711 2088 Dania
1754 2023 2113 2088 discessum
2157 2023 2238 2088 de
2281 2022 2535 2088 tributis
2558 2023 2847 2088 Haraldo

288 2128 522 2194 debitis
569 2130 728 2211 egit,
773 2150 910 2214 qvae
952 2131 1021 2194 in
1062 2135 1248 2195 tanta
1287 2152 1502 2196 rerum
1543 2128 2030 2214 perturbatione
2077 2134 2143 2193 et
2182 2127 2431 2194 bellicis
2472 2128 2844 2194 tumultibus

287 2235 537 2300 solvere
583 2255 654 2300 se
696 2254 892 2318 posse
937 2234 1238 2318 negabat.
1344 2237 1485 2301 Rex
1536 2236 1695 2301 nihil
1749 2256 1784 2299 e
1831 2240 2085 2313 contra,
2140 2236 2583 2300 tantummodo
2639 2237 2847 2317 segni-

285 2341 443 2406 tiem
483 2339 760 2423 Haqvini
805 2343 874 2406 in
914 2342 1263 2407 reddendis
1309 2341 1537 2407 annuis
1583 2340 1883 2408 censibus
1928 2339 2259 2423 paululum
2300 2340 2590 2405 taxabat.

595 2445 925 2530 Haqvinus
951 2453 1108 2527 tum,
1155 2445 1466 2512 confectis
1492 2446 1810 2539 omnibus·
1830 2447 2124 2528 negotiiS,
2153 2447 2221 2509 in
2240 2446 2629 2529 Norvagiam
2661 2445 2847 2511 laetus

291 2552 371 2618 de
413 2569 581 2619 novo
624 2554 947 2636 triumpho
1000 2552 1331 2637 profectus
1377 2559 1494 2619 est.
1559 2554 1678 2618 His
1724 2553 1943 2636 gestis,
1987 2557 2121 2617 tres
2168 2552 2504 2616 continuos
2552 2572 2758 2617 annos
2808 2573 2850 2619 a

283 2657 535 2724 bellicis
577 2658 952 2724 tumultibus
998 2664 1326 2726 cessatum
1368 2665 1489 2725 est.

1370 2946 1561 3008 GAP.
1607 2946 1765 3004 VII.

295 3092 436 3159 Otto
491 3090 729 3173 Caesar,
775 3092 1023 3158 collecto
1071 3092 1269 3158 denuo
1322 3072 1617 3172 excercitu,
1661 3090 1942 3157 Daniam
1981 3093 2239 3158 mvadit.
2327 3092 2622 3161 Haraldo
2681 3095 2848 3178 Reyi

335 3199 675 3281 Haqviwus
715 3200 784 3264 in
829 3199 1127 3265 auxilium
1177 3200 1371 3280 venit,
1417 3204 1476 3263 et
1517 3197 1794 3280 ejusdem
1834 3200 1997 3265 mira
2040 3199 2352 3282 calliditas
2398 3206 2456 3265 et
2494 3204 2793 3267 versutia.

593 3385 869 3466 Eumne,
935 3385 1016 3452 de
1076 3407 1240 3453 novo
1284 3389 1524 3453 invicta
1575 3387 1849 3452 militum
1889 3407 2084 3452 manu
2129 3389 2423 3468 collecta,
2466 3389 2533 3453 in
2574 3387 2851 3454 Daniam

296 3490 449 3558 Otto
520 3491 742 3558 Caesar
807 3495 1064 3576 agmina
1130 3495 1460 3574 convertit,
1526 3494 1759 3576 prioris
1823 3490 2005 3581 belli,
2072 3494 2128 3558 si
2178 3492 2320 3559 fieri
2364 3514 2611 3578 qvoqvo
2654 3495 2849 3561 modo

292 3602 552 3681 posset,
598 3597 1303 3665 damna⁸.resarturuS.

601 3703 784 3783 Qvod
828 3726 973 3770 cum
1013 3705 1154 3771 Rex
1193 3704 1518 3770 Haraldus
1563 3704 1822 3771 auribus
1869 3705 2262 3788 accepisset,
2305 3705 2522 3771 missis
2575 3706 2644 3771 in
2689 3705 2853 3772 Nor-

293 3810 545 3894 vagiam
609 3809 1058 3895 qvadraginta‚
1122 3816 1195 3877 ut
1255 3812 1460 3895 prius,
1531 3811 1792 3895 legatiS,
1859 3810 2135 3895 Haqvini
2197 3833 2317 3897 per
2381 3832 2494 3878 eos
2555 3832 2745 3895 opem
2789 3817 2856 3878 et

297 3918 599 3985 auxilium
660 3916 1067 4002 implorabat.
1173 3917 1251 3983 Id
1309 3917 1391 3984 ab
1455 3917 1750 4003 Haqvino
1814 3916 1991 3983 haud
2055 3939 2224 4003 aegre
2268 3919 2680 4003 impetratum
2726 3923 2854 4001 est,

299 4025 399 4090 cui
463 4045 652 4109 qvam
713 4024 991 4091 maxime
1054 4026 1122 4091 in
1183 4024 1349 4092 votis
1415 4028 1557 4091 erat
1621 4025 2053 4091 Christianam
2116 4025 2491 4108 religionem
2544 4023 2625 4091 ab
2668 4023 2850 4092 hisce

295 4131 505 4215 regnis
571 4131 851 4199 exulare.
961 4131 1360 4215 Conscriptis
1420 4131 1613 4215 igitur
1672 4131 2074 4216 undiqvaqve
2137 4129 2473 4213 militibus,
2537 4129 2854 4216 rebusqve

295 4238 683 4304 necessariis
728 4239 812 4305 ad
856 4239 1324 4323 profectionem
1368 4239 1790 4323 comparatis,
1842 4240 1910 4304 in
1951 4238 2232 4305 Daniam
2273 4236 2559 4321 trajecit,
2618 4244 2684 4304 et
2723 4238 2849 4306 Re-

299 4363 442 4426 gem
502 4343 887 4427 Haraldum‚
955 4346 1054 4412 sui
1107 4344 1427 4412 desiderio
1482 4347 1704 4411 intime
1746 4344 2153 4429 flagrantem,
2200 4344 2542 4411 duodecim
2586 4346 2852 4414 comita-

298 4453 400 4515 tus
442 4450 591 4516 viris
637 4450 951 4518 convenit.
1035 4452 1174 4519 Rex
1227 4452 1365 4536 ejus
1421 4451 1700 4519 adventu
1741 4453 2053 4537 majorem
2094 4453 2164 4518 in
2203 4451 2465 4518 modum
2496 4459 2848 4534 recreatu-3,

303 4575 423 4639 qva
482 4559 692 4640 potuit
757 4559 955 4625 animi
1020 4561 1356 4626 alacritate
1412 4580 1559 4625 eum
1614 4561 1899 4644 excepit,
1965 4559 2253 4627 officiose
2323 4560 2566 4643 gratias
2633 4578 2853 4641 agens,

374 4706 393 4737 ¹
433 4705 590 4758 1778:
628 4703 1083 4761 adversariorem.
1182 4709 1209 4741 ²
1235 4705 1428 4776 Begge
1462 4704 1758 4761 Afskrifter
1789 4706 1894 4761 har
1929 4707 2221 4777 „emerant
2329 4706 2351 4740 ⁸
2374 4703 2662 4759 damnum:
2703 4702 2851 4760 1778.
